2268 4003
650 1060 1270 1151 APENDICE.

933 1473 976 1519 l.

169 1595 457 1643 «Cervantes
483 1596 662 1642 Salazar
681 1595 849 1656 Joanni
879 1594 1155 1642 Maidonato
1180 1595 1361 1641 S.—A
1396 1595 1589 1656 prandio
1620 1597 1789 1658 signifi·

104 1674 278 1711 caverat
302 1662 440 1718 mihi,
472 1663 547 1726 qui
584 1663 663 1708 has
697 1662 752 1708 ad
789 1675 832 1708 te
867 1662 1011 1718 dabit,
1048 1661 1322 1708 Maidonate
1356 1661 1638 1718 doctissime,
1672 1665 1790 1711 istuc

101 1729 379 1792 expediundi
407 1728 636 1790 cujusdam
661 1729 836 1790 negotii
857 1745 984 1775 causa
1010 1744 1055 1774 se
1081 1728 1200 1776 velle
1225 1728 1480 1791 proficisci:
1510 1745 1705 1793 cumque
1731 1731 1787 1778 ad

101 1808 143 1843 te
182 1795 410 1842 scribendi
445 1795 673 1842 desiderio
707 1795 934 1851 arderem,
969 1811 1118 1858 neque
1156 1795 1213 1842 ad
1252 1795 1344 1842 hoc
1374 1796 1599 1858 temporis
1639 1812 1783 1844 essem

98 1873 252 1909 nactus
269 1864 548 1918 ocasionem,
565 1862 823 1924 hancjuxta
839 1861 1137 1924 proverbium
1155 1861 1454 1924 premendam
1473 1863 1644 1920 censui3
1667 1863 1784 1911 illud

98 1930 273 1976 tametsi
298 1945 495 1985 vererer,
522 1945 579 1975 ne
615 1930 814 1991 ignotus,
851 1940 894 1975 et
928 1929 1150 1976 bonarum
1186 1928 1280 1975 fere
1319 1929 1574 1975 litterarum
1605 1931 1785 1991 ignarus

95 1995 179 2041 tibi
205 2008 279 2043 aut
304 1996 539 2051 molestus,
563 2008 638 2042 aut
662 1997 861 2057 ingratus
880 1995 1160 2042 accederem.
1202 1994 1473 2059 Utcumque
1495 2006 1649 2042 tamen
1670 2013 1782 2044 con-

94 2062 253 2123 tingat,
272 2064 390 2123 jacta
415 2075 481 2109 est
504 2062 622 2109 alea:
651 2062 937 2126 extorquebo
963 2079 986 2108 a
1012 2074 1055 2109 te
1082 2062 1324 2124 epistolam
1350 2062 1492 2118 clava,
1513 2074 1560 2110 et
1577 2062 1774 2110 Diome-

94 2127 163 2174 dis
185 2140 235 2175 ut
260 2129 335 2175 fiat
363 2130 659 2191 permutatio,
697 2129 904 2176 dabimus
937 2144 1062 2175 aenea
1097 2141 1143 2175 et
1182 2129 1461 2192 accipiemus
1496 2145 1656 2176 aurea:
1693 2146 1782 2177 nec

93 2194 158 2249 id,
184 2195 218 2240 si
244 2195 374 2251 velis,
399 2195 599 2256 negabiS.
638 2194 860 2242 Vestrum
886 2196 1010 2241 enim
1045 2207 1130 2250 est,
1165 2195 1259 2242 hoc
1291 2208 1377 2251 est,
1408 2195 1779 2243 doctissimorum

93 2261 316 2316 virorum,
351 2273 401 2308 ut
434 2262 733 2323 responsione
767 2261 1003 2308 neminem
1034 2261 1366 2322 dedignemini.
1409 2261 1488 2308 Ne
1513 2278 1623 2308 vero
1658 2263 1777 2325 quis,

94 2344 236 2389 quave
262 2328 529 2374 conditione
554 2329 638 2374 sim
666 2340 710 2374 te
735 2328 889 2383 lateat,
918 2327 1170 2374 Cervantes
1193 2343 1365 2374 nomen
1386 2340 1471 2384 est,
1493 2328 1658 2375 Toleti
1678 2345 1777 2375 sum

92 2405 238 2450 natus,
259 2406 304 2440 et
326 2394 584 2441 Cardinalis
604 2394 898 2457 Hispalensis
925 2411 949 2440 a
977 2394 1160 2440 secretis
1191 2394 1344 2440 latinae
1373 2394 1557 2455 linguae.
1604 2394 1777 2441 Nostra

93 2461 245 2506 omnia
269 2477 391 2507 nunc
414 2461 590 2523 accipe,
617 2462 694 2524 qui
721 2472 795 2508 tua
812 2461 906 2523 jam
933 2460 1009 2506 diu
1041 2461 1268 2507 novimus.
1321 2460 1444 2506 Bene
1468 2461 1586 2516 vale,
1613 2461 1772 2522 patriae

92 2538 179 2572 tuae
193 2539 528 2583 ornamentum,
543 2526 913 2590 Cervantemque
925 2528 1044 2573 inter
1060 2538 1160 2573 tuos
1173 2543 1266 2574 non
1279 2538 1563 2589 postremum
1577 2527 1771 2575 colloca.

92 2591 354 2641 Vallisoleti
381 2593 528 2641 VIII.
557 2593 738 2641 kalend.
767 2594 894 2656 Sept.
923 2593 1144 2658 (1545)»

147 2679 330 2732 (ΗὲΙΙειεε
348 2695 396 2720 en
415 2684 451 2720 la
472 2682 621 2720 Noticia
645 2681 777 2721 Critica
797 2680 838 2718 de
859 2681 991 2718 Varios
1011 2679 1141 2718 Libros
1161 2681 1328 2729 curiosos,
1350 2682 1512 2732 impresos
1525 2690 1595 2732 por
1610 2681 1662 2719 D.
1684 2682 1771 2719 An-

90 2735 254 2829 ggssorgea
265 2737 420 2844 «ζαηερα,
448 2751 470 2787 y
495 2738 558 2775 alli
585 2736 666 2775 dice
692 2751 761 2787 que
788 2750 826 2775 se
848 2738 955 2775 tomo
983 2738 1028 2775 de
1055 2750 1107 2775 un
1129 2736 1268 2775 C6dice
1289 2737 1379 2775 MS.
1409 2738 1453 2774 de
1475 2737 1526 2776 D.
1548 2738 1703 2774 Ramon
1725 2738 1771 2775 de

895 2887 964 2935 II.

155 2992 303 3038 «Pues
331 2992 571 3040 Francisco
599 2993 848 3041 Cervantes
873 2993 930 3040 de
954 2993 1132 3040 Salazar
1164 2993 1403 3055 imprimi6
1434 3004 1618 3055 quantas
1645 2992 1765 3039 cosas

88 3057 128 3103 ai
154 3057 210 3103 de
235 3058 296 3104 las
322 3058 402 3105 dos
426 3059 761 3122 philosophias,
788 3059 852 3106 fin
879 3072 997 3107 otras
1022 3061 1116 3107 mui
1142 3059 1309 3107 buenas
1336 3058 1392 3105 de
1414 3057 1606 3104 diversas
1631 3057 1765 3105 disci-

89 3123 255 3185 plinas,
281 3124 397 3170 clara
423 3126 436 3170 i
463 3126 848 3186 agraciadamente
873 3126 1046 3183 dichas,
1072 3142 1159 3189 que
1193 3125 1324 3172 nadie
1359 3124 1414 3170 de
1449 3123 1557 3171 ellas
1592 3123 1761 3187 podian

90 3189 198 3236 estar
222 3190 328 3236 bien
355 3207 411 3237 en
431 3192 603 3238 nuestra
623 3192 838 3254 lengua.»

144 3278 160 3330 (
172 3280 383 3317 Amnnosxo
403 3293 454 3318 m:
473 3281 684 3330 Momm,
703 3282 869 3319 Discurso
890 3279 984 3318 sobre
1005 3280 1041 3317 la
1063 3280 1211 3330 Lengua
1233 3279 1447 3327 Castellana,
1464 3281 1496 3317 al
1515 3278 1634 3318 frente
1651 3280 1761 3318 delas

95 3331 204 3371 Obras
220 3333 260 3371 de
284 3336 479 3374 Cerva'ntes
499 3335 670 3385 salazar,
691 3336 859 3384 Madrid,
886 3347 1002 3384 1772,
1025 3336 1106 3385 pag.
1127 3335 1212 3385 24.)
