2430 3971
572 305 634 335 ΧΧ
1316 303 1542 334 ΝΟΤΙΟΙΑΞ

566 422 668 469 estis
694 437 752 467 ne
780 419 921 466 hodie
948 419 1239 480 euigilaturi?
1280 419 1388 467 EV.
1419 420 1593 466 Nescio
1615 419 1727 483 quid
1747 419 2046 466 inciditmihi
2069 425 2082 466 i
2104 421 2281 476 oculos,

566 490 630 536 ita
655 487 819 535 uideor
845 502 923 532 eos
954 485 1125 532 habere
1153 487 1316 549 plenos
1343 487 1531 546 harene.
1574 487 1672 534 BE.
1703 485 1813 544 Hec
1838 493 1862 532 ἕ
1893 499 1964 533 tua
1992 488 2138 549 prima
2161 489 2283 535 catio

566 556 809 609 matutina,
837 558 877 600 δε
904 553 1023 599 bene
1047 565 1195 601 uetus.
1223 555 1427 617 aperiam
1455 554 1669 600 fenestras
1697 553 1829 600 hasce
1856 554 2031 610 ambas,
2060 555 2212 616 lignea
2245 560 2284 602 δε

566 624 782 676 uitream,
815 632 865 667 ut
902 620 1036 667 feriat
1071 620 1193 667 clarfi
1229 639 1364 669 mane
1397 621 1568 669 uestros
1599 621 1843 667 amborum
1869 622 2045 668 oculos.
2086 623 2282 683 Surgite.

570 690 682 737 EV.
713 689 841 734 Tam
868 687 1017 734 multo
1046 692 1202 736 mane?
1240 689 1338 736 BE.
1371 690 1591 752 proprior
1617 695 1640 734 e
1673 688 1910 743 meridies,
1940 705 2076 752 quam
2107 707 2284 736 aurora.

569 756 657 803 Vis
683 767 731 802 tu
761 755 988 802 Emanuel
1016 762 1200 802 recente
1223 756 1508 803 subuculam?
1547 756 1668 803 EM.
1701 755 1838 801 Nihil
1861 772 1983 802 nunc
2003 756 2065 802 est
2091 756 2285 812 neceffe,

568 825 659 883 hec
700 823 762 869 est
800 822 902 869 satis
943 822 1131 878 munda,
1173 840 1269 870 cras
1309 823 1482 870 surnam
1526 823 1683 870 alterii.
1737 822 1871 869 Cedo
1913 823 2030 868 mihi
2076 824 2283 870 thorace.

570 891 669 938 BE.
701 892 880 955 Qem?
914 889 1076 952 fimplfi
1105 907 1162 936 an
1197 890 1479 954 diploidem?
1524 891 1648 937 EM.
1681 892 1837 955 Qem
1867 890 2013 945 uoles,
2041 907 2142 937 mea
2167 891 2288 937 nihil

568 958 729 1005 refert.
771 957 962 1018 Porrige
988 957 1081 1003 huc
1109 956 1346 1020 fimplum,
1373 970 1424 1005 ut
1449 958 1478 1004 fi
1503 957 1582 1004 fim
1617 958 1761 1005 hodie
1796 956 1968 1004 lusurus
1996 958 2108 1020 pila,
2136 959 2288 1004 minus

570 1042 746 1088 grauer.

1176 1113 1409 1159 Surreffio
1435 1113 1677 1159 matutina.

1295 1179 1568 1228 Ceruantes.

637 1269 675 1332 ἻῙ
727 1270 788 1315 Et
829 1268 946 1314 bene
987 1280 1144 1323 uetus,
1187 1269 1299 1315 idest
1333 1269 1435 1316 satis
1469 1281 1625 1323 uetus,
1664 1268 1869 1330 aperiam
1902 1268 2115 1314 fenestras
2152 1269 2289 1315 hasce

571 1337 727 1384 ambas
752 1336 922 1397 lignea,
951 1335 1031 1382 Ne
1060 1337 1138 1399 qui
1165 1336 1383 1382 Flandrie
1418 1353 1600 1383 morem
1637 1335 1938 1396 ignorauerit‚
1973 1335 2129 1382 ambas
2163 1336 2290 1383 fene-

573 1405 678 1451 stras
704 1403 813 1450 duas
838 1403 924 1449 effe
951 1415 1100 1465 putet,
1128 1403 1262 1450 sciat:
1293 1416 1488 1466 propter
1524 1404 1683 1464 frigus,
1712 1403 1834 1466 quod
1871 1403 2129 1450 maximum
2156 1404 2217 1450 est
2243 1404 2291 1450 in

573 1488 624 1519 ea
641 1471 850 1533 regione,
869 1471 1027 1516 vitreis
1049 1475 1090 1517 δε
1111 1470 1275 1531 ligneis
1289 1471 1458 1533 januis,
1476 1471 1666 1516 eandem
1691 1470 1934 1516 fenestram
1952 1470 2103 1517 claudi
2122 1471 2286 1518 solere:

572 1550 622 1586 ut
645 1538 720 1585 die
743 1537 914 1600 apertis
941 1537 1122 1598 ligneis,
1148 1538 1295 1596 vitree
1320 1556 1408 1601 que
1439 1537 1584 1596 clause
1613 1544 1788 1592 manet,
1807 1537 1949 1599 frigus
1976 1538 2244 1600 propellant
2269 1556 2292 1584 a

574 1605 808 1660 cubiculo,
845 1605 1045 1667 lucemq3
1073 1604 1302 1652 admittat.
1344 1606 1486 1652 Sonat
1512 1604 1724 1667 Hispane
1760 1604 1910 1651 abrire
1937 1605 2007 1651 los
2043 1605 2126 1652 dos
2158 1606 2293 1652 Pares

574 1673 631 1720 de
658 1688 880 1719 encaxes:
910 1672 951 1718 el
979 1672 1035 1718 de
1062 1672 1245 1719 madera
1271 1690 1301 1736 y
1328 1673 1369 1719 el
1397 1672 1453 1719 de
1480 1672 1630 1720 vidro.
1677 1671 1737 1718 Id
1762 1689 1904 1733 genus
1931 1672 2032 1718 sunt
2056 1673 2130 1735 alij
2159 1672 2293 1720 multi

575 1741 688 1796 loci,
716 1756 830 1803 quos
857 1739 1163 1802 exponendos
1190 1740 1362 1796 censui,
1382 1740 1648 1801 intelligens
1668 1741 1910 1796 nimirum,
1932 1739 2015 1785 nifi
2038 1739 2095 1786 ab
2116 1756 2191 1796 eo,
2214 1741 2293 1804 qui

575 1807 698 1871 apud
724 1806 951 1854 Flandros
975 1807 1173 1854 uersatus
1199 1807 1355 1863 fuerit,
1382 1808 1562 1870 percipi
1597 1824 1692 1854 non
1720 1807 1861 1869 poss'e.
1909 1809 2067 1871 Qare
2093 1806 2220 1854 hunc
2245 1808 2294 1854 in

577 1875 620 1922 se
654 1875 880 1930 animum,
921 1874 1100 1921 studiosi
1137 1875 1248 1921 boni
1286 1875 1540 1922 consulant.
1578 1891 1734 1921 recen.
1760 1873 2074 1923 -subu-camisa
2111 1874 2292 1937 limpia.

575 1954 691 1990 tora.
720 1942 762 1988 el
789 1942 950 1989 iubon.
979 1941 1077 1989 fim.
1106 1959 1161 1988 an
1189 1942 1287 2005 dip.
1317 1943 1358 1988 el
1385 1942 1576 1989 senzillo
1604 1959 1631 1988 ο
1653 1942 1694 1988 el
1723 1941 1946 1988 estofado-
1960 1958 2066 1988 nam
2087 1941 2291 2005 diploos.

577 2027 622 2057 u.
651 2011 929 2072 interptatur
954 2008 1146 2072 duplex.
1175 2009 1297 2057 vnde
1324 2010 1513 2072 diplois.
1542 2009 1628 2056 dis.
1657 2026 1745 2072 por
1771 2008 1871 2055 cosa
1896 2008 2095 2056 doblada
2121 2026 2148 2056 o
2174 2009 2294 2057 afor-

577 2077 702 2132 rada,
729 2079 882 2123 minus
908 2094 1068 2138 grauer
1103 2077 1191 2122 este
1220 2094 1315 2122 mas
1341 2077 1486 2123 suelto
1515 2094 1541 2122 o
1569 2093 1664 2122 mas
1689 2077 1853 2137 ligero.

647 2166 714 2211 La
739 2165 890 2212 vuelta
916 2164 972 2210 de
1000 2165 1040 2209 la
1068 2164 1158 2226 foja
1189 2178 1280 2224 227
1310 2181 1354 2210 es
1376 2164 1555 2210 blanca.
1598 2165 1670 2210 En
1693 2163 1731 2209 el
1757 2163 1904 2209 frente
1927 2162 1983 2209 de
2006 2164 2047 2209 la
2072 2167 2185 2220 228,
2207 2164 2295 2226 sig-

580 2244 738 2279 natura
767 2231 909 2295 Fiiij
941 2233 1034 2278 esta
1062 2232 1103 2277 la
1139 2231 1332 2293 portada
1369 2231 1702 2293 particularj'de
1740 2231 1809 2276 los
1837 2230 2061 2292 Dialogos
2096 2231 2152 2277 de
2181 2230 2297 2277 Cer-

578 2302 753 2355 vantes,
781 2316 868 2362 que
895 2297 1249 2361 reproducimos
1275 2300 1316 2344 al
1343 2298 1492 2344 frente
1519 2298 1575 2344 de
1603 2298 1718 2344 ellos
1745 2314 1801 2344 en
1828 2297 2180 2359 fotolitografia.
2210 2300 2293 2363 (Ι)

647 2367 715 2414 La
740 2366 1021 2413 dedicatoria
1046 2366 1087 2411 al
1114 2366 1183 2413 Sr.
1216 2365 1464 2412 Montufar
1492 2383 1641 2428 ocupa
1669 2365 1710 2411 la
1736 2365 1888 2412 vuelta
1908 2364 1964 2411 de
1987 2378 2080 2411 esta
2102 2364 2295 2427 portada

581 2452 611 2497 y
637 2433 744 2481 toda
770 2433 811 2479 la
837 2433 926 2495 foja
952 2434 1178 2494 siguiente
1209 2449 1321 2496 229.
1359 2433 1527 2493 Siguen
1546 2433 1682 2494 luego
1704 2432 1746 2478 la
1766 2431 2048 2478 dedicatoria
2069 2434 2092 2478 a
2113 2432 2152 2477 la
2172 2431 2297 2479 Uni—

581 2499 793 2549 versidad
818 2518 847 2563 y
870 2500 938 2546 los
966 2512 1123 2547 cuatro
1143 2500 1369 2560 Dialogos
1398 2501 1568 2556 Saltus,
1597 2500 1747 2546 Ludus
1774 2498 1961 2562 Spherae
1976 2511 2063 2562 per
2087 2500 2300 2546 annulum

569 2570 804 2631 ferreum,
829 2567 1152 2623 Obeliscorum,
1167 2570 1264 2614 sive
1283 2569 1535 2628 ligneas-um
1546 2567 1935 2630 pyramidalarum
1954 2566 2100 2622 ludus,
2122 2584 2152 2629 y
2176 2567 2299 2614 Pilae

575 2636 821 2699 palmariae
846 2634 991 2691 ludus,
1020 2651 1108 2698 que
1137 2635 1369 2681 terminan
1397 2635 1486 2681 casi
1513 2635 1554 2680 al
1580 2634 1643 2680 fin
1669 2634 1725 2680 de
1754 2634 1795 2680 la
1820 2634 1971 2681 vuelta
1997 2632 2070 2680 del
2097 2634 2155 2680 ft>
2184 2647 2298 2696 247,

584 2702 738 2751 donde
760 2702 970 2764 empieza
992 2703 1032 2748 el
1062 2702 1225 2766 quinto
1254 2700 1456 2763 Dialogo
1479 2702 1723 2749 Academia
1749 2702 2021 2756 Mexicana,
2048 2717 2137 2765 que
2163 2701 2300 2747 acaba

585 2787 643 2818 en
669 2770 711 2816 el
738 2770 887 2816 frente
907 2768 982 2815 del
1003 2769 1059 2815 fQ
1084 2782 1198 2830 257,
1225 2786 1256 2832 y
1282 2769 1359 2816 alli
1386 2770 1555 2816 mismo
1582 2771 1676 2816 esta
1704 2768 1745 2815 el
1773 2768 1909 2815 titulo
1935 2767 2010 2814 del
2037 2779 2188 2824 sexto,
2222 2769 2299 2814 Ci-

586 2841 708 2885 vitas
746 2837 960 2885 Μεκίτω
991 2839 1200 2892 interior,
1239 2853 1358 2899 cuyo
1387 2836 1493 2883 final
1519 2848 1644 2883 toma
1670 2835 1752 2882 dos
1779 2835 1921 2882 lineas
1946 2834 2021 2882 del
2048 2835 2197 2882 frente
2222 2834 2299 2881 del

587 2905 643 2951 ft?
673 2918 785 2967 279.
837 2904 893 2950 El
913 2904 1112 2966 septimo
1140 2903 1346 2964 Dialogo
1376 2905 1591 2951 Mexicus
1619 2904 1856 2959 Exterior,
1885 2919 2034 2965 ocupa
2059 2901 2198 2949 desde
2218 2901 2299 2949 alli

588 2972 714 3018 hasta
739 2971 885 3017 llenar
911 2971 953 3017 el
981 2970 1034 3016 fs?
1064 2985 1185 3033 290:
1215 2987 1272 3033 ya
1293 2972 1351 3016 he
1378 2971 1519 3018 dicho
1548 2987 1634 3035 que
1661 2986 1718 3016 en
1744 2970 1809 3016 mi
1835 2970 2059 3032 ejemplar
2084 2969 2192 3016 falta
2210 2976 2298 3016 aun

588 3038 631 3084 el
652 3041 762 3101 289.
805 3038 1051 3101 Concluye
1071 3039 1113 3084 el
1133 3037 1255 3084 libro
1277 3054 1365 3083 con
1387 3050 1544 3084 cuatro
1572 3037 1683 3099 fojas
1709 3038 1779 3083 sin
1807 3053 2039 3092 numerar,
2060 3053 2149 3100 que
2169 3052 2297 3083 com-

588 3105 798 3167 prenden
825 3106 865 3151 la
891 3105 1084 3167 epistola
1110 3104 1166 3151 de
1193 3104 1393 3151 Alf0nso
1421 3104 1628 3159 G6mez,
1660 3103 1891 3167 discipulo
1927 3103 1984 3150 de
2011 3103 2297 3159 Cervz'mte85

589 3173 631 3218 la
656 3171 699 3218 fe
726 3172 783 3217 de
810 3185 977 3218 erratas
1003 3172 1077 3218 del
1106 3172 1413 3219 Comentario
1439 3173 1463 3217 ἔι
1489 3170 1655 3226 ViveS,
1683 3183 1781 3218 otra
1807 3170 1864 3217 de
1891 3171 1960 3218 los
1987 3170 2214 3232 Dialogos
2239 3169 2297 3216 de

650 3342 665 3370 1
729 3330 833 3369 Esta
853 3329 1161 3382 fotolitograsia
1179 3330 1235 3369 ha
1255 3330 1349 3370 sido
1371 3330 1593 3383 ejeeutada
1611 3343 1690 3383 por
1710 3330 1766 3370 mi
1790 3330 1879 3382 hijo
1902 3330 2018 3377 Luis,
2044 3343 2126 3383 que
2150 3329 2204 3370 de
2226 3328 2294 3369 afi-

593 3387 689 3426 cion
712 3399 755 3425 se
776 3385 829 3424 ha
853 3385 1062 3425 dedicado
1083 3387 1107 3424 ἁ
1128 3393 1216 3425 esta
1239 3386 1350 3426 clase
1372 3387 1425 3426 de
1447 3386 1643 3438 traha-ios,
