2268 4003
435 318 494 366 50
1054 312 1290 343 DIALOGUS
1318 312 1517 343 PRIMUS.

424 434 819 519 grammatici,
856 432 1266 491 cathedrarum
1308 432 1517 490 eodem
1556 431 1769 490 ordine
1803 434 2141 492 moderato-

426 544 535 593 res,
584 543 705 578 non
748 540 870 576 uno
912 531 970 574 et
1009 517 1217 575 eodem
1261 515 1510 594 praemio
1553 515 1751 573 cuncti
1792 517 2142 595 profitentes

428 617 742 683 occupant.
793 601 866 658 In
894 615 1156 679 utroque
1186 598 1522 679 gymnasie,
1558 614 1770 679 praeter
1802 622 1902 658 eos
1930 600 2034 680 qui
2057 623 2144 658 re-

426 689 520 769 gia
543 687 806 744 mercede
825 684 1166 764 disciplinas
1190 684 1455 755 tradunt,
1476 683 1652 742 multi
1679 683 1773 740 alii
1795 705 1961 763 aeque
1982 683 2143 742 docti

427 772 841 830 cathedrarum
882 767 1306 847 competitores
1348 780 1405 824 et
1437 766 1756 839 candidati,
1800 767 2143 826 ostentandi

428 855 652 936 ingenii
687 853 891 932 gratia,
928 866 986 910 et
1018 865 1085 910 ut
1126 850 1393 910 favorem
1428 864 1485 908 et
1520 851 1878 930 applausum
1914 851 2142 909 schola-

428 939 717 997 sticorum
755 950 1124 1015 comparent,
1161 935 1338 992 etiam
1376 935 1646 1013 gnaviter
1684 949 1742 992 et
1779 949 2018 992 strenue
2049 956 2146 993 ex-

429 1023 722 1103 plicandis
756 1019 1140 1078 scientiarum
1173 1017 1396 1076 arcanis
1424 1018 1807 1076 incumbunt.
1864 1017 2146 1076 Missafa-

430 1106 522 1164 cio
555 1104 800 1184 collegia
834 1104 1166 1173 innumera,
1205 1102 1263 1159 in
1298 1100 1518 1181 quibus
1546 1101 1791 1180 quidam
1819 1102 1891 1160 ad
1918 1123 2147 1160 annum

432 1190 760 1270 septimum
805 1187 901 1245 alii
945 1187 1018 1245 ad
1061 1200 1343 1244 octavum
1395 1199 1451 1242 et
1500 1207 1569 1242 eo
1621 1185 1902 1264 ampliuS,
1955 1185 2147 1243 alieno

432 1287 681 1353 sumptu
711 1274 970 1329 aluntur.
1016 1270 1112 1328 Ex
1138 1268 1227 1327 his
1254 1268 1520 1349 collegiis
1551 1269 1755 1326 nullus
1781 1268 1896 1326 fere
1921 1268 2147 1349 prodit,

432 1357 535 1437 qui
578 1356 868 1414 cathedrae
907 1354 1277 1424 candidatUS‚
1314 1368 1418 1411 aut
1457 1353 1616 1433 regio
1655 1352 1827 1411 alicui
1866 1352 2159 1433 praetorio.

430 1440 680 1500 adscribi
705 1441 796 1497 vel
831 1438 1066 1519 praefici,
1103 1452 1205 1496 aut
1240 1438 1577 1495 Caesareum
1612 1437 1704 1494 vel
1743 1436 2148 1495 Pontificeum

435 1545 660 1582 munus
694 1523 877 1595 obire,
918 1544 1038 1579 non
1079 1521 1428 1601 dignissime
1466 1520 1677 1601 possit.
1731 1520 1804 1578 In
1845 1534 2151 1578 monaste-

432 1608 534 1666 riis
567 1608 765 1678 etiam,
803 1628 936 1687 quae
967 1607 1282 1685 complura
1315 1618 1477 1677 sunt,
1514 1603 1764 1684 privatae
1797 1617 1940 1662 sunt
1978 1603 2151 1662 scho-

435 1692 503 1750 lae
545 1691 791 1749 Artium
835 1705 892 1748 et
934 1689 1304 1770 Theologiae.
1373 1688 1571 1747 Variae
1613 1710 1880 1769 quoque,
1928 1687 2152 1768 nequid

434 1775 749 1845 desideres,
778 1774 1074 1832 litterariae
1100 1773 1591 1833 concertationeS.
1625 1772 1735 1830 Vis
1762 1771 1988 1831 dicam?
2013 1786 2069 1830 et
2094 1771 2155 1831 id

435 1859 683 1939 quidem
719 1880 842 1915 uno
878 1857 1081 1929 verb0,
1119 1857 1286 1937 quod
1321 1857 1413 1914 vel
1441 1856 1673 1935 prolixa
1701 1856 1974 1914 oratione
1999 1877 2153 1914 asse-

435 1942 541 2023 qui
577 1965 699 2001 non
733 1957 974 2022 potero:
1022 1963 1144 1999 non
1187 1955 1276 1999 est
1321 1940 1378 1997 in
1425 1939 1620 1998 Sicilia
1662 1953 1826 1997 tanta
1865 1938 2152 1997 frumenti

434 2025 626 2106 copia,
653 2041 913 2106 quantus
936 2039 1022 2083 est
1051 2024 1420 2082 Salmanticae
1445 2025 1765 2083 doctorum
1794 2038 2150 2103 proventus

436 2110 649 2168 Vestra
689 2124 887 2168 tamen
932 2109 1258 2168 Academia
1299 2108 1357 2166 in
1404 2107 1645 2165 barbara
1684 2122 1741 2165 et
1782 2107 2024 2166 antehac
2064 2107 2154 2166 in-

437 2194 596 2252 culta
630 2193 868 2274 regione
895 2193 1112 2272 posita,
1142 2194 1325 2251 modo
1352 2192 1526 2250 etiam
1557 2213 1820 2263 nascenS,
1851 2190 2153 2272 ejusmodi

437 2291 526 2336 est
567 2278 842 2336 inchoata
886 2276 1215 2356 principiis,
1264 2292 1328 2334 ut
1380 2275 1544 2333 brevi
1592 2277 1824 2334 credam
1876 2275 2152 2333 futurum

442 2362 690 2420 Novam
729 2361 1122 2441 Hispaniam,
1160 2374 1226 2419 ut
1260 2360 1542 2419 hactenus
1584 2359 1809 2439 argenti
1844 2359 2033 2439 copia,
2074 2359 2155 2416 ita

439 2446 499 2503 in
534 2459 840 2524 posterum
877 2444 1238 2525 sapientium
1281 2443 1692 2516 multitudine,
1729 2445 1886 2523 apud
1920 2458 2153 2501 caeteras

443 2529 716 2587 nationes
753 2528 982 2609 optime
1014 2529 1378 2588 audituram.

1201 2691 1409 2750 MESA.

533 2837 740 2897 Multa
767 2837 824 2895 in
855 2859 1034 2918 quam
1063 2837 1421 2918 paucissima
1447 2837 1789 2909 contulisti3
1821 2859 1953 2918 quae
1978 2836 2037 2895 in
2061 2836 2152 2896 his

442 2919 687 2980 fuerunt
710 2922 885 2981 latius
908 2922 1266 2995 disserenda,
1285 2922 1505 3002 rogabo
1533 2923 1691 2994 alias,
1718 2943 1853 2981 cum
1880 2922 1987 2979 otii
2016 2921 2153 3001 plus

445 3005 595 3064 nacti
630 3006 870 3065 erimus
922 3006 1108 3064 Nunc
1147 3020 1368 3078 autem,
1411 3007 1698 3087 quoniam
1738 3005 2012 3064 meridies
2051 3027 2153 3085 ap-

445 3089 614 3168 petit,
652 3111 937 3170 pransum
971 3091 1269 3149 abeamus
