<?xml version="1.0" encoding="UTF-8"?>
<!DOCTYPE html PUBLIC "-//W3C//DTD XHTML 1.0 Transitional//EN"
    "http://www.w3.org/TR/xhtml1/DTD/xhtml1-transitional.dtd">
<html xmlns="http://www.w3.org/1999/xhtml" xml:lang="en" lang="en">
 <head>
  <title>
</title>
<meta http-equiv="Content-Type" content="text/html;charset=utf-8" />
  <meta name='ocr-system' content='tesseract 3.04.00' />
  <meta name='ocr-capabilities' content='ocr_page ocr_carea ocr_par ocr_line ocrx_word'/>
</head>
<body>
  <div class='ocr_page' id='page_1' title='image "./mxicoen1554tre00cerv/mxicoen1554tre00cerv_0358.png"; bbox 0 0 2268 4003; ppageno 0'>
   <div class='ocr_carea' id='block_1_1' title="bbox 391 328 1491 386">
    <p class='ocr_par' dir='ltr' id='par_1_1' title="bbox 391 328 1491 386">
     <span class='ocr_line' id='line_1_1' title="bbox 391 328 1491 386; baseline -0.007 -13"><span class='ocrx_word' id='word_1_1' title='bbox 391 328 484 386; x_wconf 87' lang='lat'><strong>278</strong></span> <span class='ocrx_word' id='word_1_2' title='bbox 1006 337 1243 368; x_wconf 71' lang='lat' dir='ltr'><strong>D1ALoous</strong></span> <span class='ocrx_word' id='word_1_3' title='bbox 1271 337 1491 373; x_wconf 69' lang='lat' dir='ltr'><strong>‘ram-lus,</strong></span> 
     </span>
    </p>
   </div>
   <div class='ocr_carea' id='block_1_2' title="bbox 381 456 2092 704">
    <p class='ocr_par' dir='ltr' id='par_1_2' title="bbox 381 456 2092 704">
     <span class='ocr_line' id='line_1_2' title="bbox 385 456 2092 540; baseline -0.001 -22"><span class='ocrx_word' id='word_1_4' title='bbox 385 480 635 540; x_wconf 90' lang='lat' dir='ltr'><strong>quenon</strong></span> <span class='ocrx_word' id='word_1_5' title='bbox 653 456 902 537; x_wconf 84' lang='lat' dir='ltr'><strong>singulis</strong></span> <span class='ocrx_word' id='word_1_6' title='bbox 922 456 1091 513; x_wconf 83' lang='lat' dir='ltr'><strong>annis</strong></span> <span class='ocrx_word' id='word_1_7' title='bbox 1109 457 1312 527; x_wconf 88' lang='lat' dir='ltr'><strong>mod0,</strong></span> <span class='ocrx_word' id='word_1_8' title='bbox 1330 457 1430 514; x_wconf 93' lang='lat' dir='ltr'><strong>sed</strong></span> <span class='ocrx_word' id='word_1_9' title='bbox 1454 477 1641 536; x_wconf 83' lang='lat' dir='ltr'>prope</span> <span class='ocrx_word' id='word_1_10' title='bbox 1663 457 1912 537; x_wconf 81' lang='lat' dir='ltr'><strong>singulis</strong></span> <span class='ocrx_word' id='word_1_11' title='bbox 1930 479 2092 517; x_wconf 85' lang='lat' dir='ltr'><strong>men-</strong></span> 
     </span>
     <span class='ocr_line' id='line_1_3' title="bbox 382 538 2091 621; baseline 0 -20"><span class='ocrx_word' id='word_1_12' title='bbox 382 544 548 601; x_wconf 89' lang='lat' dir='ltr'><strong>sibus</strong></span> <span class='ocrx_word' id='word_1_13' title='bbox 583 541 705 598; x_wconf 89' lang='lat' dir='ltr'><strong>fieri</strong></span> <span class='ocrx_word' id='word_1_14' title='bbox 745 539 970 598; x_wconf 84' lang='lat' dir='ltr'><strong>celebre</strong></span> <span class='ocrx_word' id='word_1_15' title='bbox 1012 538 1146 612; x_wconf 88' lang='lat' dir='ltr'><strong>fuit,</strong></span> <span class='ocrx_word' id='word_1_16' title='bbox 1191 561 1313 619; x_wconf 91' lang='lat' dir='ltr'><strong>quo</strong></span> <span class='ocrx_word' id='word_1_17' title='bbox 1358 539 1619 597; x_wconf 85' lang='lat' dir='ltr'><strong>sacrificii</strong></span> <span class='ocrx_word' id='word_1_18' title='bbox 1652 562 1883 620; x_wconf 83' lang='lat' dir='ltr'><strong>genere,</strong></span> <span class='ocrx_word' id='word_1_19' title='bbox 1925 543 2091 621; x_wconf 89' lang='lat' dir='ltr'>quod</span> 
     </span>
     <span class='ocr_line' id='line_1_4' title="bbox 381 622 2090 704; baseline 0 -20"><span class='ocrx_word' id='word_1_20' title='bbox 381 625 482 684; x_wconf 80' lang='lat' dir='ltr'><strong>vix</strong></span> <span class='ocrx_word' id='word_1_21' title='bbox 507 625 685 682; x_wconf 90' lang='lat' dir='ltr'>fidem</span> <span class='ocrx_word' id='word_1_22' title='bbox 713 623 922 703; x_wconf 89' lang='lat' dir='ltr'><strong>capiat,</strong></span> <span class='ocrx_word' id='word_1_23' title='bbox 954 624 1266 682; x_wconf 86' lang='lat' dir='ltr'><strong>innumera</strong></span> <span class='ocrx_word' id='word_1_24' title='bbox 1291 622 1608 681; x_wconf 88' lang='lat' dir='ltr'><strong>hominum</strong></span> <span class='ocrx_word' id='word_1_25' title='bbox 1640 624 1823 681; x_wconf 84' lang='lat' dir='ltr'><strong>millia</strong></span> <span class='ocrx_word' id='word_1_26' title='bbox 1850 626 2090 704; x_wconf 88' lang='lat' dir='ltr'><strong>periere.</strong></span> 
     </span>
    </p>
   </div>
   <div class='ocr_carea' id='block_1_3' title="bbox 1080 748 1398 805">
    <p class='ocr_par' dir='ltr' id='par_1_3' title="bbox 1080 748 1398 805">
     <span class='ocr_line' id='line_1_5' title="bbox 1080 748 1398 805; baseline 0.003 -2"><span class='ocrx_word' id='word_1_27' title='bbox 1080 748 1398 805; x_wconf 76' lang='lat' dir='ltr'><strong>ALFARUS.</strong></span> 
     </span>
    </p>
   </div>
   <div class='ocr_carea' id='block_1_4' title="bbox 362 868 2092 1619">
    <p class='ocr_par' dir='ltr' id='par_1_4' title="bbox 362 868 2092 1619">
     <span class='ocr_line' id='line_1_6' title="bbox 467 868 2087 948; baseline 0.001 -20"><span class='ocrx_word' id='word_1_28' title='bbox 467 871 523 928; x_wconf 91' lang='lat' dir='ltr'>O</span> <span class='ocrx_word' id='word_1_29' title='bbox 554 870 739 928; x_wconf 85' lang='lat' dir='ltr'><strong>modo</strong></span> <span class='ocrx_word' id='word_1_30' title='bbox 767 869 1144 927; x_wconf 85' lang='lat' dir='ltr'><strong>beatissimos</strong></span> <span class='ocrx_word' id='word_1_31' title='bbox 1172 868 1565 948; x_wconf 88' lang='lat' dir='ltr'><strong>hispanorum</strong></span> <span class='ocrx_word' id='word_1_32' title='bbox 1597 870 1859 927; x_wconf 82' lang='lat' dir='ltr'><strong>adventu</strong></span> <span class='ocrx_word' id='word_1_33' title='bbox 1889 870 2087 944; x_wconf 84' lang='lat' dir='ltr'><strong>indos,</strong></span> 
     </span>
     <span class='ocr_line' id='line_1_7' title="bbox 380 951 2086 1034; baseline -0.001 -22"><span class='ocrx_word' id='word_1_34' title='bbox 380 954 484 1034; x_wconf 86' lang='lat' dir='ltr'>qui</span> <span class='ocrx_word' id='word_1_35' title='bbox 511 975 581 1012; x_wconf 83' lang='lat' dir='ltr'><strong>ex</strong></span> <span class='ocrx_word' id='word_1_36' title='bbox 604 974 839 1011; x_wconf 87' lang='lat' dir='ltr'>summa</span> <span class='ocrx_word' id='word_1_37' title='bbox 867 954 964 1011; x_wconf 89' lang='lat' dir='ltr'><strong>illa</strong></span> <span class='ocrx_word' id='word_1_38' title='bbox 993 953 1225 1010; x_wconf 90' lang='lat' dir='ltr'><strong>miseria</strong></span> <span class='ocrx_word' id='word_1_39' title='bbox 1251 954 1322 1010; x_wconf 90' lang='lat' dir='ltr'><strong>ad</strong></span> <span class='ocrx_word' id='word_1_40' title='bbox 1348 967 1698 1032; x_wconf 73' lang='lat' dir='ltr'><strong>praesentem</strong></span> <span class='ocrx_word' id='word_1_41' title='bbox 1723 951 2086 1027; x_wconf 84' lang='lat' dir='ltr'><strong>felicitatem,</strong></span> 
     </span>
     <span class='ocr_line' id='line_1_8' title="bbox 378 1036 2090 1118; baseline -0.001 -22"><span class='ocrx_word' id='word_1_42' title='bbox 378 1052 436 1096; x_wconf 90' lang='lat' dir='ltr'><strong>et</strong></span> <span class='ocrx_word' id='word_1_43' title='bbox 478 1059 547 1095; x_wconf 81' lang='lat' dir='ltr'><strong>ex</strong></span> <span class='ocrx_word' id='word_1_44' title='bbox 589 1037 841 1118; x_wconf 89' lang='lat' dir='ltr'><strong>pristina</strong></span> <span class='ocrx_word' id='word_1_45' title='bbox 882 1036 1171 1095; x_wconf 86' lang='lat' dir='ltr'><strong>servitute</strong></span> <span class='ocrx_word' id='word_1_46' title='bbox 1209 1038 1280 1094; x_wconf 89' lang='lat' dir='ltr'><strong>ad</strong></span> <span class='ocrx_word' id='word_1_47' title='bbox 1326 1037 1474 1094; x_wconf 83' lang='lat' dir='ltr'><strong>hanc</strong></span> <span class='ocrx_word' id='word_1_48' title='bbox 1520 1057 1714 1093; x_wconf 88' lang='lat' dir='ltr'><strong>veram</strong></span> <span class='ocrx_word' id='word_1_49' title='bbox 1759 1036 2090 1095; x_wconf 88' lang='lat' dir='ltr'><strong>libertatem</strong></span> 
     </span>
     <span class='ocr_line' id='line_1_9' title="bbox 378 1119 2092 1180; baseline 0 -1"><span class='ocrx_word' id='word_1_50' title='bbox 378 1121 646 1180; x_wconf 83' lang='lat' dir='ltr'><strong>translati</strong></span> <span class='ocrx_word' id='word_1_51' title='bbox 681 1122 848 1179; x_wconf 88' lang='lat' dir='ltr'><strong>sunt!</strong></span> <span class='ocrx_word' id='word_1_52' title='bbox 919 1122 975 1178; x_wconf 90' lang='lat' dir='ltr'>O</span> <span class='ocrx_word' id='word_1_53' title='bbox 1012 1120 1227 1178; x_wconf 89' lang='lat' dir='ltr'><strong>millies</strong></span> <span class='ocrx_word' id='word_1_54' title='bbox 1271 1120 1447 1177; x_wconf 89' lang='lat' dir='ltr'><strong>etiam</strong></span> <span class='ocrx_word' id='word_1_55' title='bbox 1483 1119 1859 1178; x_wconf 87' lang='lat' dir='ltr'><strong>fortunatum</strong></span> <span class='ocrx_word' id='word_1_56' title='bbox 1899 1120 2092 1179; x_wconf 86' lang='lat' dir='ltr'><strong>Caesa-</strong></span> 
     </span>
     <span class='ocr_line' id='line_1_10' title="bbox 378 1203 2091 1285; baseline 0.001 -23"><span class='ocrx_word' id='word_1_57' title='bbox 378 1227 521 1277; x_wconf 89' lang='lat' dir='ltr'><strong>rem,</strong></span> <span class='ocrx_word' id='word_1_58' title='bbox 558 1205 729 1285; x_wconf 82' lang='lat' dir='ltr'>cujus</span> <span class='ocrx_word' id='word_1_59' title='bbox 769 1219 938 1263; x_wconf 85' lang='lat' dir='ltr'><strong>aetate</strong></span> <span class='ocrx_word' id='word_1_60' title='bbox 979 1220 1036 1261; x_wconf 90' lang='lat' dir='ltr'><strong>et</strong></span> <span class='ocrx_word' id='word_1_61' title='bbox 1077 1203 1356 1282; x_wconf 79' lang='lat' dir='ltr'>auspiciis</span> <span class='ocrx_word' id='word_1_62' title='bbox 1402 1225 1598 1261; x_wconf 82' lang='lat' dir='ltr'><strong>novus</strong></span> <span class='ocrx_word' id='word_1_63' title='bbox 1643 1203 1801 1260; x_wconf 85' lang='lat' dir='ltr'><strong>orbis</strong></span> <span class='ocrx_word' id='word_1_64' title='bbox 1845 1205 2091 1264; x_wconf 86' lang='lat' dir='ltr'><strong>antehac</strong></span> 
     </span>
     <span class='ocr_line' id='line_1_11' title="bbox 377 1286 2090 1369; baseline -0.001 -23"><span class='ocrx_word' id='word_1_65' title='bbox 377 1289 809 1369; x_wconf 83' lang='lat' dir='ltr'><strong>incompertuS,</strong></span> <span class='ocrx_word' id='word_1_66' title='bbox 848 1289 1161 1346; x_wconf 87' lang='lat' dir='ltr'><strong>innumera</strong></span> <span class='ocrx_word' id='word_1_67' title='bbox 1195 1287 1306 1345; x_wconf 88' lang='lat' dir='ltr'><strong>diis</strong></span> <span class='ocrx_word' id='word_1_68' title='bbox 1341 1286 1500 1345; x_wconf 88' lang='lat' dir='ltr'><strong>falsis</strong></span> <span class='ocrx_word' id='word_1_69' title='bbox 1536 1301 1697 1344; x_wconf 84' lang='lat' dir='ltr'><strong>tanta</strong></span> <span class='ocrx_word' id='word_1_70' title='bbox 1729 1309 1862 1345; x_wconf 90' lang='lat' dir='ltr'><strong>cum</strong></span> <span class='ocrx_word' id='word_1_71' title='bbox 1893 1289 2090 1366; x_wconf 90' lang='lat' dir='ltr'><strong>perni-</strong></span> 
     </span>
     <span class='ocr_line' id='line_1_12' title="bbox 362 1371 2089 1453; baseline -0.001 -22"><span class='ocrx_word' id='word_1_72' title='bbox 362 1372 462 1431; x_wconf 82' lang='lat' dir='ltr'><strong>&#39;cie</strong></span> <span class='ocrx_word' id='word_1_73' title='bbox 515 1387 572 1431; x_wconf 90' lang='lat' dir='ltr'><strong>et</strong></span> <span class='ocrx_word' id='word_1_74' title='bbox 627 1388 816 1453; x_wconf 83' lang='lat' dir='ltr'><strong>strage</strong></span> <span class='ocrx_word' id='word_1_75' title='bbox 871 1371 1233 1451; x_wconf 83' lang='lat' dir='ltr'>obsequium</span> <span class='ocrx_word' id='word_1_76' title='bbox 1292 1371 1706 1450; x_wconf 86' lang='lat' dir='ltr'><strong>praestantium</strong></span> <span class='ocrx_word' id='word_1_77' title='bbox 1766 1371 2089 1430; x_wconf 83' lang='lat' dir='ltr'><strong>hominum</strong></span> 
     </span>
     <span class='ocr_line' id='line_1_13' title="bbox 377 1455 2089 1536; baseline 0 -23"><span class='ocrx_word' id='word_1_78' title='bbox 377 1456 775 1515; x_wconf 89' lang='lat' dir='ltr'><strong>multitudine</strong></span> <span class='ocrx_word' id='word_1_79' title='bbox 807 1456 1133 1536; x_wconf 83' lang='lat' dir='ltr'><strong>pullulans,</strong></span> <span class='ocrx_word' id='word_1_80' title='bbox 1170 1470 1227 1512; x_wconf 93' lang='lat' dir='ltr'><strong>et</strong></span> <span class='ocrx_word' id='word_1_81' title='bbox 1260 1456 1587 1513; x_wconf 89' lang='lat' dir='ltr'><strong>debellatus</strong></span> <span class='ocrx_word' id='word_1_82' title='bbox 1632 1469 1688 1512; x_wconf 91' lang='lat' dir='ltr'><strong>et</strong></span> <span class='ocrx_word' id='word_1_83' title='bbox 1719 1456 1791 1512; x_wconf 84' lang='lat' dir='ltr'><strong>ad</strong></span> <span class='ocrx_word' id='word_1_84' title='bbox 1823 1455 2089 1513; x_wconf 85' lang='lat' dir='ltr'><strong>christia-</strong></span> 
     </span>
     <span class='ocr_line' id='line_1_14' title="bbox 378 1537 1503 1619; baseline -0.002 -22"><span class='ocrx_word' id='word_1_85' title='bbox 378 1561 514 1598; x_wconf 88' lang='lat' dir='ltr'><strong>nam</strong></span> <span class='ocrx_word' id='word_1_86' title='bbox 551 1540 902 1619; x_wconf 84' lang='lat' dir='ltr'><strong>religionem</strong></span> <span class='ocrx_word' id='word_1_87' title='bbox 937 1560 1264 1597; x_wconf 87' lang='lat' dir='ltr'><strong>conversus</strong></span> <span class='ocrx_word' id='word_1_88' title='bbox 1298 1537 1503 1596; x_wconf 81' lang='lat' dir='ltr'><strong>fuerit!</strong></span> 
     </span>
    </p>
   </div>
   <div class='ocr_carea' id='block_1_5' title="bbox 1086 1754 1387 1812">
    <p class='ocr_par' dir='ltr' id='par_1_5' title="bbox 1086 1754 1387 1812">
     <span class='ocr_line' id='line_1_15' title="bbox 1086 1754 1387 1812; baseline 0 -2"><span class='ocrx_word' id='word_1_89' title='bbox 1086 1754 1387 1812; x_wconf 77' lang='lat' dir='ltr'><strong>ZAMORA.</strong></span> 
     </span>
    </p>
   </div>
   <div class='ocr_carea' id='block_1_6' title="bbox 377 1879 2087 2042">
    <p class='ocr_par' dir='ltr' id='par_1_6' title="bbox 377 1879 2087 2042">
     <span class='ocr_line' id='line_1_16' title="bbox 461 1879 2087 1959; baseline 0.001 -23"><span class='ocrx_word' id='word_1_90' title='bbox 461 1880 598 1955; x_wconf 73' lang='lat' dir='ltr'><strong>jam</strong></span> <span class='ocrx_word' id='word_1_91' title='bbox 632 1879 992 1958; x_wconf 89' lang='lat' dir='ltr'><strong>circunspice</strong></span> <span class='ocrx_word' id='word_1_92' title='bbox 1024 1901 1086 1936; x_wconf 85' lang='lat' dir='ltr'><strong>ac</strong></span> <span class='ocrx_word' id='word_1_93' title='bbox 1119 1881 1521 1959; x_wconf 80' lang='lat' dir='ltr'><strong>undequaque</strong></span> <span class='ocrx_word' id='word_1_94' title='bbox 1548 1893 1851 1957; x_wconf 85' lang='lat' dir='ltr'><strong>patentem</strong></span> <span class='ocrx_word' id='word_1_95' title='bbox 1888 1879 2087 1937; x_wconf 82' lang='lat' dir='ltr'><strong>Mexi-</strong></span> 
     </span>
     <span class='ocr_line' id='line_1_17' title="bbox 377 1964 970 2042; baseline -0.003 -21"><span class='ocrx_word' id='word_1_96' title='bbox 377 1985 513 2021; x_wconf 90' lang='lat' dir='ltr'><strong>cum</strong></span> <span class='ocrx_word' id='word_1_97' title='bbox 550 1964 970 2042; x_wconf 89' lang='lat' dir='ltr'><strong>contemplare.</strong></span> 
     </span>
    </p>
   </div>
   <div class='ocr_carea' id='block_1_7' title="bbox 1073 2087 1391 2144">
    <p class='ocr_par' dir='ltr' id='par_1_7' title="bbox 1073 2087 1391 2144">
     <span class='ocr_line' id='line_1_18' title="bbox 1073 2087 1391 2144; baseline 0 -1"><span class='ocrx_word' id='word_1_98' title='bbox 1073 2087 1391 2144; x_wconf 79' lang='lat' dir='ltr'><strong>ALFARUs.</strong></span> 
     </span>
    </p>
   </div>
   <div class='ocr_carea' id='block_1_8' title="bbox 370 2209 2086 3459">
    <p class='ocr_par' dir='ltr' id='par_1_8' title="bbox 370 2209 2086 3459">
     <span class='ocr_line' id='line_1_19' title="bbox 461 2209 2086 2291; baseline 0.001 -23"><span class='ocrx_word' id='word_1_99' title='bbox 461 2211 517 2268; x_wconf 90' lang='lat' dir='ltr'>O</span> <span class='ocrx_word' id='word_1_100' title='bbox 557 2211 757 2268; x_wconf 88' lang='lat' dir='ltr'><strong>Deum</strong></span> <span class='ocrx_word' id='word_1_101' title='bbox 794 2209 1222 2268; x_wconf 77' lang='lat' dir='ltr'><strong>immortalem!</strong></span> <span class='ocrx_word' id='word_1_102' title='bbox 1263 2232 1442 2289; x_wconf 89' lang='lat' dir='ltr'>quam</span> <span class='ocrx_word' id='word_1_103' title='bbox 1473 2211 1720 2282; x_wconf 80' lang='lat' dir='ltr'><strong>bellum,</strong></span> <span class='ocrx_word' id='word_1_104' title='bbox 1753 2233 1931 2290; x_wconf 89' lang='lat' dir='ltr'>quam</span> <span class='ocrx_word' id='word_1_105' title='bbox 1958 2234 2086 2291; x_wconf 83' lang='lat' dir='ltr'><strong>gra-</strong></span> 
     </span>
     <span class='ocr_line' id='line_1_20' title="bbox 373 2293 2084 2375; baseline 0.001 -23"><span class='ocrx_word' id='word_1_106' title='bbox 373 2308 504 2352; x_wconf 85' lang='lat' dir='ltr'><strong>tum</strong></span> <span class='ocrx_word' id='word_1_107' title='bbox 538 2308 595 2352; x_wconf 89' lang='lat' dir='ltr'><strong>et</strong></span> <span class='ocrx_word' id='word_1_108' title='bbox 628 2293 816 2352; x_wconf 90' lang='lat' dir='ltr'><strong>oculis</strong></span> <span class='ocrx_word' id='word_1_109' title='bbox 850 2308 907 2351; x_wconf 91' lang='lat' dir='ltr'><strong>et</strong></span> <span class='ocrx_word' id='word_1_110' title='bbox 938 2294 1160 2366; x_wconf 85' lang='lat' dir='ltr'><strong>animO,</strong></span> <span class='ocrx_word' id='word_1_111' title='bbox 1199 2309 1539 2374; x_wconf 88' lang='lat' dir='ltr'><strong>quantaque</strong></span> <span class='ocrx_word' id='word_1_112' title='bbox 1566 2294 2084 2375; x_wconf 71' lang='lat' dir='ltr'><strong>v·arietatejucu11-</strong></span> 
     </span>
     <span class='ocr_line' id='line_1_21' title="bbox 373 2377 2080 2457; baseline 0 -21"><span class='ocrx_word' id='word_1_113' title='bbox 373 2378 521 2437; x_wconf 91' lang='lat' dir='ltr'>dum</span> <span class='ocrx_word' id='word_1_114' title='bbox 556 2399 615 2436; x_wconf 90' lang='lat' dir='ltr'><strong>se</strong></span> <span class='ocrx_word' id='word_1_115' title='bbox 648 2377 784 2435; x_wconf 91' lang='lat' dir='ltr'><strong>hinc</strong></span> <span class='ocrx_word' id='word_1_116' title='bbox 816 2379 1223 2457; x_wconf 86' lang='lat' dir='ltr'><strong>spectaculum</strong></span> <span class='ocrx_word' id='word_1_117' title='bbox 1260 2378 1523 2439; x_wconf 84' lang='lat' dir='ltr'><strong>exhibet!</strong></span> <span class='ocrx_word' id='word_1_118' title='bbox 1574 2393 1642 2435; x_wconf 90' lang='lat' dir='ltr'><strong>ut</strong></span> <span class='ocrx_word' id='word_1_119' title='bbox 1674 2400 1911 2436; x_wconf 84' lang='lat' dir='ltr'>summa</span> <span class='ocrx_word' id='word_1_120' title='bbox 1945 2400 2080 2436; x_wconf 92' lang='lat' dir='ltr'><strong>cum</strong></span> 
     </span>
     <span class='ocr_line' id='line_1_22' title="bbox 372 2461 2082 2542; baseline 0.001 -23"><span class='ocrx_word' id='word_1_121' title='bbox 372 2461 602 2519; x_wconf 87' lang='lat' dir='ltr'><strong>ratione</strong></span> <span class='ocrx_word' id='word_1_122' title='bbox 634 2461 924 2519; x_wconf 87' lang='lat' dir='ltr'><strong>affirmare</strong></span> <span class='ocrx_word' id='word_1_123' title='bbox 955 2461 1144 2519; x_wconf 86' lang='lat' dir='ltr'>ausim</span> <span class='ocrx_word' id='word_1_124' title='bbox 1190 2462 1392 2519; x_wconf 87' lang='lat' dir='ltr'><strong>orbem</strong></span> <span class='ocrx_word' id='word_1_125' title='bbox 1436 2477 1763 2542; x_wconf 87' lang='lat' dir='ltr'><strong>utrumque</strong></span> <span class='ocrx_word' id='word_1_126' title='bbox 1807 2462 1917 2520; x_wconf 86' lang='lat' dir='ltr'><strong>hoc</strong></span> <span class='ocrx_word' id='word_1_127' title='bbox 1951 2463 2082 2520; x_wconf 91' lang='lat' dir='ltr'><strong>loco</strong></span> 
     </span>
     <span class='ocr_line' id='line_1_23' title="bbox 372 2543 2081 2624; baseline 0.001 -22"><span class='ocrx_word' id='word_1_128' title='bbox 372 2543 890 2624; x_wconf 87' lang='lat' dir='ltr'><strong>circumscriptum</strong></span> <span class='ocrx_word' id='word_1_129' title='bbox 927 2558 984 2602; x_wconf 90' lang='lat' dir='ltr'><strong>et</strong></span> <span class='ocrx_word' id='word_1_130' title='bbox 1016 2545 1495 2603; x_wconf 86' lang='lat' dir='ltr'><strong>circumductum</strong></span> <span class='ocrx_word' id='word_1_131' title='bbox 1532 2567 1681 2614; x_wconf 87' lang='lat' dir='ltr'><strong>esse;</strong></span> <span class='ocrx_word' id='word_1_132' title='bbox 1721 2559 1777 2602; x_wconf 92' lang='lat' dir='ltr'><strong>et</strong></span> <span class='ocrx_word' id='word_1_133' title='bbox 1810 2546 1975 2624; x_wconf 90' lang='lat' dir='ltr'>quod</span> <span class='ocrx_word' id='word_1_134' title='bbox 2009 2546 2081 2604; x_wconf 86' lang='lat' dir='ltr'><strong>de</strong></span> 
     </span>
     <span class='ocr_line' id='line_1_24' title="bbox 374 2627 2080 2708; baseline 0.001 -24"><span class='ocrx_word' id='word_1_135' title='bbox 374 2627 618 2686; x_wconf 89' lang='lat' dir='ltr'><strong>homine</strong></span> <span class='ocrx_word' id='word_1_136' title='bbox 648 2628 814 2708; x_wconf 62' lang='lat' dir='ltr'><strong>graeci</strong></span> <span class='ocrx_word' id='word_1_137' title='bbox 849 2630 1117 2700; x_wconf 88' lang='lat' dir='ltr'><strong>tradunt,</strong></span> <span class='ocrx_word' id='word_1_138' title='bbox 1156 2630 1571 2700; x_wconf 70' lang='grc' dir='ltr'><strong>Μὶσνοσωηῑοη,</strong></span> <span class='ocrx_word' id='word_1_139' title='bbox 1604 2628 1663 2686; x_wconf 91' lang='lat' dir='ltr'><strong>id</strong></span> <span class='ocrx_word' id='word_1_140' title='bbox 1687 2636 1793 2699; x_wconf 81' lang='lat' dir='ltr'><strong>est,</strong></span> <span class='ocrx_word' id='word_1_141' title='bbox 1824 2649 2080 2707; x_wconf 84' lang='lat' dir='ltr'>parvum</span> 
     </span>
     <span class='ocr_line' id='line_1_25' title="bbox 373 2711 2080 2791; baseline 0.001 -23"><span class='ocrx_word' id='word_1_142' title='bbox 373 2713 692 2783; x_wconf 85' lang='lat' dir='ltr'>mundum,</span> <span class='ocrx_word' id='word_1_143' title='bbox 730 2711 928 2791; x_wconf 87' lang='lat' dir='ltr'>ipsum</span> <span class='ocrx_word' id='word_1_144' title='bbox 962 2712 1346 2791; x_wconf 79' lang='lat' dir='ltr'><strong>appellante3‚</strong></span> <span class='ocrx_word' id='word_1_145' title='bbox 1385 2712 1541 2769; x_wconf 13' lang='lat' dir='ltr'><strong>iidem</strong></span> <span class='ocrx_word' id='word_1_146' title='bbox 1576 2712 1647 2769; x_wconf 90' lang='lat' dir='ltr'><strong>de</strong></span> <span class='ocrx_word' id='word_1_147' title='bbox 1686 2711 1931 2769; x_wconf 84' lang='lat' dir='ltr'><strong>Mexico</strong></span> <span class='ocrx_word' id='word_1_148' title='bbox 1966 2712 2080 2771; x_wconf 89' lang='lat' dir='ltr'><strong>dici</strong></span> 
     </span>
     <span class='ocr_line' id='line_1_26' title="bbox 371 2794 2082 2874; baseline 0.001 -21"><span class='ocrx_word' id='word_1_149' title='bbox 371 2816 566 2874; x_wconf 89' lang='lat' dir='ltr'><strong>posse.</strong></span> <span class='ocrx_word' id='word_1_150' title='bbox 619 2796 785 2853; x_wconf 92' lang='lat' dir='ltr'><strong>Loco</strong></span> <span class='ocrx_word' id='word_1_151' title='bbox 820 2798 998 2874; x_wconf 86' lang='lat' dir='ltr'><strong>plano</strong></span> <span class='ocrx_word' id='word_1_152' title='bbox 1043 2809 1100 2852; x_wconf 90' lang='lat' dir='ltr'><strong>et</strong></span> <span class='ocrx_word' id='word_1_153' title='bbox 1143 2795 1435 2853; x_wconf 84' lang='lat' dir='ltr'><strong>latissimo</strong></span> <span class='ocrx_word' id='word_1_154' title='bbox 1481 2808 1608 2852; x_wconf 88' lang='lat' dir='ltr'><strong>tota</strong></span> <span class='ocrx_word' id='word_1_155' title='bbox 1652 2794 1848 2874; x_wconf 88' lang='lat' dir='ltr'><strong>posita</strong></span> <span class='ocrx_word' id='word_1_156' title='bbox 1879 2809 1986 2867; x_wconf 88' lang='lat' dir='ltr'><strong>est,</strong></span> <span class='ocrx_word' id='word_1_157' title='bbox 2023 2810 2082 2854; x_wconf 84' lang='lat' dir='ltr'><strong>et</strong></span> 
     </span>
     <span class='ocr_line' id='line_1_27' title="bbox 372 2878 2080 2958; baseline 0.002 -23"><span class='ocrx_word' id='word_1_158' title='bbox 372 2878 571 2936; x_wconf 89' lang='lat' dir='ltr'><strong>omnis</strong></span> <span class='ocrx_word' id='word_1_159' title='bbox 595 2879 997 2958; x_wconf 82' lang='lat' dir='ltr'>undequaque</span> <span class='ocrx_word' id='word_1_160' title='bbox 1019 2878 1173 2936; x_wconf 88' lang='lat' dir='ltr'><strong>visui</strong></span> <span class='ocrx_word' id='word_1_161' title='bbox 1199 2879 1444 2958; x_wconf 86' lang='lat' dir='ltr'><strong>objecta.</strong></span> <span class='ocrx_word' id='word_1_162' title='bbox 1483 2878 1913 2958; x_wconf 85' lang='lat' dir='ltr'>Hispanorum</span> <span class='ocrx_word' id='word_1_163' title='bbox 1939 2879 2080 2938; x_wconf 85' lang='lat' dir='ltr'><strong>aedi-</strong></span> 
     </span>
     <span class='ocr_line' id='line_1_28' title="bbox 372 2960 2079 3042; baseline 0.002 -25"><span class='ocrx_word' id='word_1_164' title='bbox 372 2960 499 3019; x_wconf 89' lang='lat' dir='ltr'><strong>ficia</strong></span> <span class='ocrx_word' id='word_1_165' title='bbox 532 2961 786 3041; x_wconf 84' lang='lat' dir='ltr'><strong>superba</strong></span> <span class='ocrx_word' id='word_1_166' title='bbox 818 2976 874 3020; x_wconf 90' lang='lat' dir='ltr'><strong>et</strong></span> <span class='ocrx_word' id='word_1_167' title='bbox 908 2961 1206 3033; x_wconf 89' lang='lat' dir='ltr'><strong>sublimia,</strong></span> <span class='ocrx_word' id='word_1_168' title='bbox 1244 2977 1300 3020; x_wconf 91' lang='lat' dir='ltr'><strong>et</strong></span> <span class='ocrx_word' id='word_1_169' title='bbox 1333 2983 1464 3041; x_wconf 82' lang='lat' dir='ltr'>quae</span> <span class='ocrx_word' id='word_1_170' title='bbox 1497 2983 1769 3042; x_wconf 80' lang='lat' dir='ltr'><strong>magnam</strong></span> <span class='ocrx_word' id='word_1_171' title='bbox 1807 2962 1921 3021; x_wconf 91' lang='lat' dir='ltr'><strong>soli</strong></span> <span class='ocrx_word' id='word_1_172' title='bbox 1948 2983 2079 3041; x_wconf 88' lang='lat' dir='ltr'><strong>par-</strong></span> 
     </span>
     <span class='ocr_line' id='line_1_29' title="bbox 371 3045 2077 3126; baseline 0.001 -25"><span class='ocrx_word' id='word_1_173' title='bbox 371 3056 489 3101; x_wconf 90' lang='lat' dir='ltr'><strong>tem</strong></span> <span class='ocrx_word' id='word_1_174' title='bbox 542 3059 856 3124; x_wconf 84' lang='lat' dir='ltr'><strong>occupant,</strong></span> <span class='ocrx_word' id='word_1_175' title='bbox 910 3045 1214 3103; x_wconf 86' lang='lat' dir='ltr'><strong>altissimis</strong></span> <span class='ocrx_word' id='word_1_176' title='bbox 1271 3045 1535 3103; x_wconf 86' lang='lat' dir='ltr'><strong>turribus</strong></span> <span class='ocrx_word' id='word_1_177' title='bbox 1590 3060 1647 3104; x_wconf 87' lang='lat' dir='ltr'><strong>et</strong></span> <span class='ocrx_word' id='word_1_178' title='bbox 1694 3046 2077 3126; x_wconf 84' lang='lat' dir='ltr'><strong>surgentibus</strong></span> 
     </span>
     <span class='ocr_line' id='line_1_30' title="bbox 370 3128 2077 3206; baseline 0.002 -23"><span class='ocrx_word' id='word_1_179' title='bbox 370 3128 614 3206; x_wconf 90' lang='lat' dir='ltr'><strong>templis</strong></span> <span class='ocrx_word' id='word_1_180' title='bbox 648 3129 1157 3206; x_wconf 76' lang='lat' dir='ltr'><strong>praestantissima,</strong></span> <span class='ocrx_word' id='word_1_181' title='bbox 1204 3129 1485 3188; x_wconf 90' lang='lat' dir='ltr'><strong>indorum</strong></span> <span class='ocrx_word' id='word_1_182' title='bbox 1532 3129 1831 3188; x_wconf 88' lang='lat' dir='ltr'><strong>domicilia</strong></span> <span class='ocrx_word' id='word_1_183' title='bbox 1862 3129 2077 3188; x_wconf 88' lang='lat' dir='ltr'><strong>subur-</strong></span> 
     </span>
     <span class='ocr_line' id='line_1_31' title="bbox 371 3208 2073 3284; baseline 0.003 -19"><span class='ocrx_word' id='word_1_184' title='bbox 371 3208 612 3267; x_wconf 88' lang='lat' dir='ltr'><strong>biorum</strong></span> <span class='ocrx_word' id='word_1_185' title='bbox 650 3213 799 3284; x_wconf 73' lang='grc' dir='ltr'><strong>Ιοεο,</strong></span> <span class='ocrx_word' id='word_1_186' title='bbox 836 3211 1083 3270; x_wconf 86' lang='lat' dir='ltr'><strong>confusa</strong></span> <span class='ocrx_word' id='word_1_187' title='bbox 1115 3228 1170 3271; x_wconf 91' lang='lat' dir='ltr'><strong>et</strong></span> <span class='ocrx_word' id='word_1_188' title='bbox 1206 3212 1452 3270; x_wconf 88' lang='lat' dir='ltr'><strong>minime</strong></span> <span class='ocrx_word' id='word_1_189' title='bbox 1484 3213 1694 3270; x_wconf 87' lang='lat' dir='ltr'><strong>ordine</strong></span> <span class='ocrx_word' id='word_1_190' title='bbox 1733 3212 2073 3284; x_wconf 88' lang='lat' dir='ltr'><strong>distributa,</strong></span> 
     </span>
     <span class='ocr_line' id='line_1_32' title="bbox 370 3292 2076 3376; baseline 0.003 -28"><span class='ocrx_word' id='word_1_191' title='bbox 370 3312 401 3348; x_wconf 91' lang='lat' dir='ltr'><strong>e</strong></span> <span class='ocrx_word' id='word_1_192' title='bbox 432 3292 653 3371; x_wconf 89' lang='lat' dir='ltr'>quibus</span> <span class='ocrx_word' id='word_1_193' title='bbox 688 3295 997 3374; x_wconf 84' lang='lat' dir='ltr'><strong>magnifica</strong></span> <span class='ocrx_word' id='word_1_194' title='bbox 1028 3310 1324 3354; x_wconf 79' lang='lat' dir='ltr'><strong>structura</strong></span> <span class='ocrx_word' id='word_1_195' title='bbox 1359 3317 1479 3353; x_wconf 88' lang='lat' dir='ltr'><strong>non</strong></span> <span class='ocrx_word' id='word_1_196' title='bbox 1514 3295 1714 3354; x_wconf 88' lang='lat' dir='ltr'><strong>minus</strong></span> <span class='ocrx_word' id='word_1_197' title='bbox 1739 3295 2076 3376; x_wconf 86' lang='lat' dir='ltr'><strong>praestantia</strong></span> 
     </span>
     <span class='ocr_line' id='line_1_33' title="bbox 370 3371 2072 3459; baseline 0.004 -29"><span class='ocrx_word' id='word_1_198' title='bbox 370 3371 503 3431; x_wconf 87' lang='lat' dir='ltr'><strong>fana</strong></span> <span class='ocrx_word' id='word_1_199' title='bbox 535 3392 866 3455; x_wconf 81' lang='lat' dir='ltr'><strong>emergunt,</strong></span> <span class='ocrx_word' id='word_1_200' title='bbox 903 3380 1304 3459; x_wconf 88' lang='lat' dir='ltr'>undequaque</span> <span class='ocrx_word' id='word_1_201' title='bbox 1335 3379 1644 3437; x_wconf 87' lang='lat' dir='ltr'><strong>continent</strong></span> <span class='ocrx_word' id='word_1_202' title='bbox 1677 3394 1733 3437; x_wconf 91' lang='lat' dir='ltr'><strong>et</strong></span> <span class='ocrx_word' id='word_1_203' title='bbox 1768 3379 2072 3438; x_wconf 91' lang='lat' dir='ltr'><strong>claudunt.</strong></span> 
     </span>
    </p>
   </div>
   <div class='ocr_carea' id='block_1_9' title="bbox 1869 3603 1941 3610">
    <p class='ocr_par' dir='ltr' id='par_1_9' title="bbox 1869 3603 1941 3610">
     <span class='ocr_line' id='line_1_34' title="bbox 1869 3603 1941 3610; baseline 0 0"><span class='ocrx_word' id='word_1_204' title='bbox 1869 3603 1941 3610; x_wconf 37' lang='lat' dir='ltr'><strong>‘N</strong></span> 
     </span>
    </p>
   </div>
  </div>
 </body>
</html>
