2268 4003
443 281 533 327 132
1018 280 1259 311 DIALOGUS
1287 280 1547 311 SECUNDUS.

438 398 800 459 sublimibus
832 411 891 455 et
923 419 983 456 se
1013 397 1453 479 fastigiantibus
1493 421 1562 458 ex
1601 399 1765 479 ligno
1806 397 1968 480 fabre
2009 399 2142 480 qui-

439 485 574 542 dem
597 480 785 555 factis,
811 494 869 540 et
894 481 955 539 in
983 482 1206 562 quibus
1232 482 1537 541 materiam
1561 504 1715 563 opus
1738 484 2141 556 commendet,

439 565 739 626 columnis
772 578 1159 624 sustentatur.

1150 712 1451 772 ZAMORA.

523 833 703 893 Adde
736 848 793 892 et
834 855 903 892 eo
947 847 1120 914 pacto
1160 835 1491 916 dispositiS,
1535 849 1604 894 ut
1644 856 1799 894 sacra
1837 833 2146 894 facientem

441 918 807 976 sacerdotem
868 917 1136 999 undique
1197 919 1481 978 indorum
1536 919 1734 977 omnis
1789 919 2143 993 multitudO,

442 1022 704 1081 quorum
737 1000 853 1060 huc
884 1001 1093 1060 diebus
1126 1001 1290 1060 festis
1330 1002 1582 1061 confluit
1623 1002 1899 1076 maxima,
1943 1002 2148 1062 audire

441 1098 499 1143 et
530 1084 734 1145 videre
766 1085 960 1166 possit
993 1084 1304 1145 inoffense.

1141 1233 1458 1291 ALFARUS.

527 1355 864 1435 Templum
900 1377 1021 1414 non
1055 1369 1144 1415 est
1175 1357 1506 1415 admodum
1540 1376 1737 1436 capax.

1158 1501 1436 1559 Zquus.

531 1623 933 1682 Concionanti
966 1624 1297 1704 praesertim
1334 1623 1774 1684 BustamantiO.

1141 1770 1459 1828 ALFARUS.

527 1892 752 1972 Accepi
802 1892 1087 1952 eximium
1139 1894 1296 1952 hunc
1344 1893 1544 1952 virum
1596 1914 1812 1973 magno
1863 1913 2000 1953 cum
2050 1914 2152 1974 ap-

441 1976 655 2056 plausu
688 1999 718 2034 a
751 1976 1067 2035 mexicanis
1099 1977 1310 2036 audiri.

1161 2123 1441 2181 Zquus.

530 2247 947 2329 Dignissimus
980 2262 1068 2307 est
1099 2249 1204 2329 qui
1237 2270 1307 2307 ex
1336 2270 1508 2330 aequo
1536 2248 1607 2307 ab
1635 2248 1920 2307 omnibus
1948 2248 2151 2309 audia-

444 2345 560 2404 tur,
599 2334 766 2412 quod
798 2332 1109 2413 perspicue
1141 2334 1368 2405 doceat,
1416 2353 1773 2413 magnopere
1816 2333 2064 2392 delectet
2094 2348 2152 2393 et

443 2415 825 2476 vehementer
858 2430 1115 2476 moveat.

1142 2558 1460 2616 ALFARUS.

529 2699 870 2759 Absolvisti
922 2699 1185 2759 numeris
1228 2700 1513 2759 omnibus
1564 2714 1880 2760 oratorem.
1947 2701 2149 2778 Quam

446 2796 643 2842 tamen
676 2805 735 2842 se
767 2785 1042 2843 extendat
1083 2783 1317 2856 hortuS‚
1363 2805 1432 2842 ex
1470 2783 1764 2863 parietum
1807 2785 2152 2865 longissima

444 2867 591 2926 serie
622 2881 679 2926 et
710 2888 888 2948 supra
920 2867 1084 2946 ipsos
1124 2867 1612 2947 prominentibus
1655 2868 1967 2928 arboribus
2007 2868 2148 2928 satis

446 2951 690 3032 quidem
724 2965 983 3032 apparet.

1164 3097 1441 3155 ZUAZUS.

536 3240 628 3299 E
621 3242 872 3322 regione
910 3242 1231 3323 collegium
1272 3255 1361 3300 est
1402 3242 1889 3321 promiscuorum
1931 3263 2147 3322 puero-

451 3345 605 3397 rum,
641 3325 884 3406 utrique
914 3326 1137 3401 Joanni
1170 3339 1598 3385 consecratum.
