2268 4003
461 323 478 354 1
491 323 553 370 30
1041 321 1280 352 DIALOGUS
1305 321 1565 355 SECUNDUS.

1168 480 1445 539 ZUAZUS.

540 605 932 678 Castanneda,
968 626 1126 664 unus
1159 626 1229 663 ex
1259 605 1580 685 provinciae
1611 605 2094 665 debellatoribus

1147 809 1464 868 ALFARUS.

538 934 684 993 Non
719 932 885 992 facile
916 934 1373 1014 expugnabitur,
1423 934 1731 993 muniente
1772 932 1933 993 fossa
1973 955 2154 1015 supra

451 1039 631 1100 quarn
666 1016 978 1077 incumbit.

1166 1140 1444 1199 Zquus.
2068 1157 2092 1178 ⁹

537 1266 633 1325 Ex
663 1266 775 1325 hoc
806 1266 973 1325 sulco
1005 1266 1250 1346 aquario
1276 1288 1379 1346 per
1401 1265 1708 1326 cuniculos
1735 1265 2035 1346 impositis
2063 1287 2153 1324 ca-

449 1350 701 1423 nalibuS,
739 1350 797 1407 in
834 1350 1257 1409 monasterium
1302 1364 1360 1408 et
1401 1351 1527 1430 ejus
1569 1350 1835 1422 hortum,
1874 1349 2154 1430 opposita

448 1456 518 1493 ex
554 1432 708 1492 ferro
742 1432 1035 1514 perforata
1069 1434 1303 1506 lamina,
1334 1433 1764 1493 defecatissima
1789 1455 1939 1514 aqua
1965 1434 2153 1492 dedu-

447 1518 617 1577 citur.
671 1519 856 1576 Nunc
888 1518 1168 1590 consiste,
1201 1539 1335 1575 nam
1365 1532 1569 1576 vector
1595 1539 1665 1576 ex
1689 1516 1919 1575 foribus
1943 1530 2151 1597 paten-

447 1602 627 1675 tibus,
653 1616 755 1660 aut
780 1602 826 1659 si
855 1603 1044 1660 mavis
1070 1603 1451 1674 descendens,
1477 1602 1607 1660 atrii
1636 1601 2006 1659 Franciscani
2026 1621 2150 1660 am-

446 1686 831 1766 plitudinem‚
868 1700 925 1744 et
958 1708 1090 1766 quae
1121 1700 1262 1744 sunt
1294 1686 1550 1766 potiora,
1587 1684 2007 1744 considerabis,

1138 1994 1456 2052 ALFARUS.

530 2114 824 2173 Planicies
855 2114 1271 2173 Dominicanae
1304 2137 1424 2173 non
1451 2115 1628 2188 cedit,
1660 2114 2098 2209 sublimisque
2085 2136 2144 2173 1n

444 2201 571 2282 ejus
613 2198 811 2258 medio
861 2219 1001 2257 crux
1049 2198 1247 2279 posita
1286 2199 1502 2257 coelum
1546 2199 1784 2258 videtur
1824 2199 2139 2279 attingere:

443 2297 687 2364 oportet
739 2281 1003 2363 profecto
1060 2283 1500 2362 procerissimas
1554 2281 1737 2341 fuisse
1784 2283 2023 2341 arbores
2077 2304 2146 2341 ex

442 2367 664 2448 quibus
691 2368 1010 2447 desumpta
1032 2365 1225 2424 fuerit.
1275 2367 1545 2426 Arbores
1567 2367 1745 2425 etiam
1771 2366 2145 2448 circumqua-

441 2473 557 2532 que
589 2465 758 2510 tanto
792 2451 1000 2510 ordine
1031 2450 1243 2530 positae
1273 2464 1331 2508 et
1362 2452 1509 2509 adeo
1554 2450 1985 2509 obumbrantes
2020 2471 2142 2509 non

442 2535 643 2593 minus
670 2535 875 2593 oculos
901 2548 1169 2614 pascunt,
1199 2534 1516 2593 altitudine
1540 2556 1676 2592 cum
1703 2556 1871 2592 cruce
1897 2547 2142 2592 conten-

441 2619 664 2677 dentes,
715 2618 953 2676 Lararia
979 2639 1220 2699 quoque
1245 2631 1390 2675 sunt
1414 2618 1473 2675 in
1501 2617 1764 2698 angulis,
1797 2616 2093 2677 arbitror
2079 2638 2139 2675 m

440 2704 721 2762 eumdem
756 2723 952 2761 usum.

1155 2823 1431 2882 ZUAZUS.

528 2950 682 3007 Rem
716 2970 821 3006 acu
855 2947 1121 3029 tetigisti.

1134 3071 1449 3128 ALFARUS.

527 3193 726 3252 Placet
749 3206 945 3250 tamen
973 3192 1244 3251 omnium
1273 3191 1526 3250 maxime
1552 3191 1721 3271 quod
1748 3204 1836 3249 est
1856 3203 1996 3270 post
2019 3191 2132 3249 cla-

440 3276 605 3334 thros
637 3276 863 3356 ligneos
894 3299 925 3334 a
956 3275 1151 3335 fronte
1176 3290 1374 3335 totum
1399 3289 1673 3355 apertum
1704 3289 1761 3333 et
1787 3275 1899 3333 late
1924 3287 2130 3354 patens

442 3360 739 3431 sacellum,
775 3361 944 3440 cujus
978 3374 1201 3419 tectum
1235 3361 1411 3440 longe
1441 3372 1596 3418 certe
1635 3380 1666 3417 a
1707 3359 1839 3417 solo
1881 3359 2125 3429 distanS‚
