<?xml version="1.0" encoding="UTF-8"?>
<!DOCTYPE html PUBLIC "-//W3C//DTD XHTML 1.0 Transitional//EN"
    "http://www.w3.org/TR/xhtml1/DTD/xhtml1-transitional.dtd">
<html xmlns="http://www.w3.org/1999/xhtml" xml:lang="en" lang="en">
 <head>
  <title>
</title>
<meta http-equiv="Content-Type" content="text/html;charset=utf-8" />
  <meta name='ocr-system' content='tesseract 3.04.00' />
  <meta name='ocr-capabilities' content='ocr_page ocr_carea ocr_par ocr_line ocrx_word'/>
</head>
<body>
  <div class='ocr_page' id='page_1' title='image "./mxicoen1554tre00cerv/mxicoen1554tre00cerv_0232.png"; bbox 0 0 2268 4003; ppageno 0'>
   <div class='ocr_carea' id='block_1_1' title="bbox 329 292 1444 351">
    <p class='ocr_par' dir='ltr' id='par_1_1' title="bbox 329 292 1444 351">
     <span class='ocr_line' id='line_1_1' title="bbox 329 292 1444 351; baseline -0.006 -15"><span class='ocrx_word' id='word_1_1' title='bbox 329 292 418 351; x_wconf 80' lang='lat'>158</span> <span class='ocrx_word' id='word_1_2' title='bbox 912 300 1154 332; x_wconf 74' lang='lat' dir='ltr'>DIALOGUS</span> <span class='ocrx_word' id='word_1_3' title='bbox 1182 298 1444 330; x_wconf 78' lang='lat' dir='ltr'><strong>SECUNDUS.</strong></span> 
     </span>
    </p>
   </div>
   <div class='ocr_carea' id='block_1_2' title="bbox 1018 463 1338 520">
    <p class='ocr_par' dir='ltr' id='par_1_2' title="bbox 1018 463 1338 520">
     <span class='ocr_line' id='line_1_2' title="bbox 1018 463 1338 520; baseline 0 0"><span class='ocrx_word' id='word_1_4' title='bbox 1018 463 1338 520; x_wconf 84' lang='lat' dir='ltr'><strong>ALFARUS.</strong></span> 
     </span>
    </p>
   </div>
   <div class='ocr_carea' id='block_1_3' title="bbox 318 585 2033 921">
    <p class='ocr_par' dir='ltr' id='par_1_3' title="bbox 318 585 2033 921">
     <span class='ocr_line' id='line_1_3' title="bbox 405 585 2033 667; baseline 0.001 -21"><span class='ocrx_word' id='word_1_5' title='bbox 405 590 664 667; x_wconf 89' lang='lat' dir='ltr'>Elegans</span> <span class='ocrx_word' id='word_1_6' title='bbox 686 586 956 667; x_wconf 85' lang='lat' dir='ltr'>profecto</span> <span class='ocrx_word' id='word_1_7' title='bbox 987 586 1182 659; x_wconf 80' lang='lat' dir='ltr'>facieS,</span> <span class='ocrx_word' id='word_1_8' title='bbox 1219 600 1278 644; x_wconf 91' lang='lat' dir='ltr'>et</span> <span class='ocrx_word' id='word_1_9' title='bbox 1308 585 1540 666; x_wconf 90' lang='lat' dir='ltr'>optima</span> <span class='ocrx_word' id='word_1_10' title='bbox 1568 588 1789 646; x_wconf 91' lang='lat' dir='ltr'>domus</span> <span class='ocrx_word' id='word_1_11' title='bbox 1816 589 2033 648; x_wconf 89' lang='lat' dir='ltr'>descri-</span> 
     </span>
     <span class='ocr_line' id='line_1_4' title="bbox 319 670 2027 754; baseline 0.001 -24"><span class='ocrx_word' id='word_1_12' title='bbox 319 673 468 754; x_wconf 90' lang='lat' dir='ltr'>pti0.</span> <span class='ocrx_word' id='word_1_13' title='bbox 532 672 782 744; x_wconf 90' lang='lat' dir='ltr'>Verum,</span> <span class='ocrx_word' id='word_1_14' title='bbox 820 673 987 752; x_wconf 93' lang='lat' dir='ltr'>quod</span> <span class='ocrx_word' id='word_1_15' title='bbox 1021 673 1093 729; x_wconf 86' lang='lat' dir='ltr'>ad</span> <span class='ocrx_word' id='word_1_16' title='bbox 1126 671 1363 729; x_wconf 90' lang='lat' dir='ltr'>laudem</span> <span class='ocrx_word' id='word_1_17' title='bbox 1394 670 1593 749; x_wconf 89' lang='lat' dir='ltr'>operis</span> <span class='ocrx_word' id='word_1_18' title='bbox 1641 672 1827 752; x_wconf 90' lang='lat' dir='ltr'>magis</span> <span class='ocrx_word' id='word_1_19' title='bbox 1870 671 2027 746; x_wconf 89' lang='lat' dir='ltr'>facit,</span> 
     </span>
     <span class='ocr_line' id='line_1_5' title="bbox 318 754 2027 836; baseline -0.001 -20"><span class='ocrx_word' id='word_1_20' title='bbox 318 756 511 828; x_wconf 90' lang='lat' dir='ltr'>dicite,</span> <span class='ocrx_word' id='word_1_21' title='bbox 548 777 770 836; x_wconf 78' lang='lat' dir='ltr'>quae80‚</span> <span class='ocrx_word' id='word_1_22' title='bbox 803 755 1141 836; x_wconf 91' lang='lat' dir='ltr'>numquid</span> <span class='ocrx_word' id='word_1_23' title='bbox 1129 777 1186 812; x_wconf 92' lang='lat' dir='ltr'>1n</span> <span class='ocrx_word' id='word_1_24' title='bbox 1213 755 1343 834; x_wconf 90' lang='lat' dir='ltr'>ipso</span> <span class='ocrx_word' id='word_1_25' title='bbox 1379 754 1749 833; x_wconf 83' lang='lat' dir='ltr'>excipiantur</span> <span class='ocrx_word' id='word_1_26' title='bbox 1783 755 2027 829; x_wconf 89' lang='lat' dir='ltr'>infirmi,</span> 
     </span>
     <span class='ocr_line' id='line_1_6' title="bbox 319 838 1734 921; baseline -0.003 -22"><span class='ocrx_word' id='word_1_27' title='bbox 319 862 556 921; x_wconf 90' lang='lat' dir='ltr'>quaque</span> <span class='ocrx_word' id='word_1_28' title='bbox 590 839 963 919; x_wconf 82' lang='lat' dir='ltr'>indulgentia</span> <span class='ocrx_word' id='word_1_29' title='bbox 994 853 1052 897; x_wconf 88' lang='lat' dir='ltr'>et</span> <span class='ocrx_word' id='word_1_30' title='bbox 1085 838 1381 897; x_wconf 88' lang='lat' dir='ltr'>industria</span> <span class='ocrx_word' id='word_1_31' title='bbox 1413 841 1734 897; x_wconf 86' lang='lat' dir='ltr'>curentur?</span> 
     </span>
    </p>
   </div>
   <div class='ocr_carea' id='block_1_4' title="bbox 1038 1045 1317 1101">
    <p class='ocr_par' dir='ltr' id='par_1_4' title="bbox 1038 1045 1317 1101">
     <span class='ocr_line' id='line_1_7' title="bbox 1038 1045 1317 1101; baseline 0.004 -1"><span class='ocrx_word' id='word_1_32' title='bbox 1038 1045 1317 1101; x_wconf 75' lang='lat' dir='ltr'>ZUAzus.</span> 
     </span>
    </p>
   </div>
   <div class='ocr_carea' id='block_1_5' title="bbox 319 1166 2029 1501">
    <p class='ocr_par' dir='ltr' id='par_1_5' title="bbox 319 1166 2029 1501">
     <span class='ocr_line' id='line_1_8' title="bbox 403 1166 2029 1246; baseline -0.002 -19"><span class='ocrx_word' id='word_1_33' title='bbox 403 1169 840 1228; x_wconf 87' lang='lat' dir='ltr'>Admittuntur</span> <span class='ocrx_word' id='word_1_34' title='bbox 871 1166 1105 1246; x_wconf 83' lang='lat' dir='ltr'>hispani</span> <span class='ocrx_word' id='word_1_35' title='bbox 1158 1187 1367 1223; x_wconf 88' lang='lat' dir='ltr'>omnes</span> <span class='ocrx_word' id='word_1_36' title='bbox 1418 1178 1730 1245; x_wconf 86' lang='lat' dir='ltr'>quotquot</span> <span class='ocrx_word' id='word_1_37' title='bbox 1773 1166 2029 1246; x_wconf 90' lang='lat' dir='ltr'>correpti</span> 
     </span>
     <span class='ocr_line' id='line_1_9' title="bbox 320 1249 2029 1331; baseline -0.002 -18"><span class='ocrx_word' id='word_1_38' title='bbox 320 1268 463 1313; x_wconf 90' lang='lat' dir='ltr'>sunt</span> <span class='ocrx_word' id='word_1_39' title='bbox 500 1252 675 1311; x_wconf 90' lang='lat' dir='ltr'>febri:</span> <span class='ocrx_word' id='word_1_40' title='bbox 723 1273 909 1331; x_wconf 87' lang='lat' dir='ltr'>eaque</span> <span class='ocrx_word' id='word_1_41' title='bbox 951 1250 1258 1330; x_wconf 81' lang='lat' dir='ltr'>diligentia</span> <span class='ocrx_word' id='word_1_42' title='bbox 1302 1263 1359 1307; x_wconf 92' lang='lat' dir='ltr'>et</span> <span class='ocrx_word' id='word_1_43' title='bbox 1402 1249 1773 1307; x_wconf 86' lang='lat' dir='ltr'>humanitate</span> <span class='ocrx_word' id='word_1_44' title='bbox 1814 1250 2029 1309; x_wconf 91' lang='lat' dir='ltr'>morbo</span> 
     </span>
     <span class='ocr_line' id='line_1_10' title="bbox 319 1333 2029 1414; baseline -0.002 -18"><span class='ocrx_word' id='word_1_45' title='bbox 319 1340 610 1409; x_wconf 89' lang='lat' dir='ltr'>levantur,</span> <span class='ocrx_word' id='word_1_46' title='bbox 646 1350 715 1394; x_wconf 89' lang='lat' dir='ltr'>ut</span> <span class='ocrx_word' id='word_1_47' title='bbox 749 1358 871 1393; x_wconf 92' lang='lat' dir='ltr'>non</span> <span class='ocrx_word' id='word_1_48' title='bbox 906 1334 1120 1392; x_wconf 90' lang='lat' dir='ltr'>melius</span> <span class='ocrx_word' id='word_1_49' title='bbox 1156 1355 1348 1414; x_wconf 89' lang='lat' dir='ltr'>neque</span> <span class='ocrx_word' id='word_1_50' title='bbox 1374 1333 1786 1413; x_wconf 88' lang='lat' dir='ltr'>indulgentius</span> <span class='ocrx_word' id='word_1_51' title='bbox 1813 1333 2029 1392; x_wconf 87' lang='lat' dir='ltr'>divites</span> 
     </span>
     <span class='ocr_line' id='line_1_11' title="bbox 320 1417 1524 1501; baseline -0.005 -20"><span class='ocrx_word' id='word_1_52' title='bbox 320 1421 508 1494; x_wconf 91' lang='lat' dir='ltr'>domi,</span> <span class='ocrx_word' id='word_1_53' title='bbox 544 1442 723 1501; x_wconf 91' lang='lat' dir='ltr'>quam</span> <span class='ocrx_word' id='word_1_54' title='bbox 759 1420 840 1477; x_wconf 89' lang='lat' dir='ltr'>ibi</span> <span class='ocrx_word' id='word_1_55' title='bbox 874 1440 1161 1499; x_wconf 87' lang='lat' dir='ltr'>pauperes</span> <span class='ocrx_word' id='word_1_56' title='bbox 1188 1417 1524 1476; x_wconf 89' lang='lat' dir='ltr'>foveantur.</span> 
     </span>
    </p>
   </div>
   <div class='ocr_carea' id='block_1_6' title="bbox 1016 1544 1335 1600">
    <p class='ocr_par' dir='ltr' id='par_1_6' title="bbox 1016 1544 1335 1600">
     <span class='ocr_line' id='line_1_12' title="bbox 1016 1544 1335 1600; baseline 0.003 -1"><span class='ocrx_word' id='word_1_57' title='bbox 1016 1544 1335 1600; x_wconf 85' lang='lat' dir='ltr'><strong>ALFARUS.</strong></span> 
     </span>
    </p>
   </div>
   <div class='ocr_carea' id='block_1_7' title="bbox 319 1666 2028 2084">
    <p class='ocr_par' dir='ltr' id='par_1_7' title="bbox 319 1666 2028 2084">
     <span class='ocr_line' id='line_1_13' title="bbox 407 1666 2028 1762; baseline -0.001 -35"><span class='ocrx_word' id='word_1_58' title='bbox 407 1670 464 1727; x_wconf 90' lang='lat' dir='ltr'>O</span> <span class='ocrx_word' id='word_1_59' title='bbox 499 1683 704 1749; x_wconf 84' lang='lat' dir='ltr'>terque</span> <span class='ocrx_word' id='word_1_60' title='bbox 728 1682 1056 1762; x_wconf 81' lang='lat' dir='ltr'>quaterque</span> <span class='ocrx_word' id='word_1_61' title='bbox 1082 1667 1321 1725; x_wconf 90' lang='lat' dir='ltr'>beatum</span> <span class='ocrx_word' id='word_1_62' title='bbox 1353 1666 1726 1724; x_wconf 85' lang='lat' dir='ltr'>Cortesium!</span> <span class='ocrx_word' id='word_1_63' title='bbox 1764 1666 1857 1725; x_wconf 87' lang='lat' dir='ltr'>cui</span> <span class='ocrx_word' id='word_1_64' title='bbox 1886 1688 2028 1725; x_wconf 90' lang='lat' dir='ltr'>con-</span> 
     </span>
     <span class='ocr_line' id='line_1_14' title="bbox 320 1749 2028 1833; baseline -0.001 -22"><span class='ocrx_word' id='word_1_65' title='bbox 320 1752 457 1833; x_wconf 88' lang='lat' dir='ltr'>tigit</span> <span class='ocrx_word' id='word_1_66' title='bbox 489 1775 546 1809; x_wconf 92' lang='lat' dir='ltr'>1n</span> <span class='ocrx_word' id='word_1_67' title='bbox 580 1774 642 1810; x_wconf 92' lang='lat' dir='ltr'>ea</span> <span class='ocrx_word' id='word_1_68' title='bbox 674 1751 1001 1831; x_wconf 85' lang='lat' dir='ltr'>provincia,</span> <span class='ocrx_word' id='word_1_69' title='bbox 1038 1773 1216 1831; x_wconf 91' lang='lat' dir='ltr'>quam</span> <span class='ocrx_word' id='word_1_70' title='bbox 1257 1751 1459 1809; x_wconf 85' lang='lat' dir='ltr'>Marte</span> <span class='ocrx_word' id='word_1_71' title='bbox 1485 1749 1663 1808; x_wconf 89' lang='lat' dir='ltr'>feroci</span> <span class='ocrx_word' id='word_1_72' title='bbox 1693 1750 1806 1809; x_wconf 89' lang='lat' dir='ltr'>sub</span> <span class='ocrx_word' id='word_1_73' title='bbox 1835 1751 2028 1809; x_wconf 81' lang='lat' dir='ltr'>Caesa-</span> 
     </span>
     <span class='ocr_line' id='line_1_15' title="bbox 319 1835 2027 1929; baseline -0.001 -35"><span class='ocrx_word' id='word_1_74' title='bbox 319 1836 397 1894; x_wconf 91' lang='lat' dir='ltr'>ris</span> <span class='ocrx_word' id='word_1_75' title='bbox 431 1836 749 1916; x_wconf 86' lang='lat' dir='ltr'>imperium</span> <span class='ocrx_word' id='word_1_76' title='bbox 786 1835 1031 1929; x_wconf 83' lang='lat' dir='ltr'>redegit,</span> <span class='ocrx_word' id='word_1_77' title='bbox 1069 1835 1367 1929; x_wconf 82' lang='lat' dir='ltr'>ejusmodi</span> <span class='ocrx_word' id='word_1_78' title='bbox 1396 1835 1632 1914; x_wconf 88' lang='lat' dir='ltr'>pietatis</span> <span class='ocrx_word' id='word_1_79' title='bbox 1661 1835 2027 1893; x_wconf 86' lang='lat' dir='ltr'>documenta</span> 
     </span>
     <span class='ocr_line' id='line_1_16' title="bbox 321 1917 2025 2013; baseline -0.002 -35"><span class='ocrx_word' id='word_1_80' title='bbox 321 1920 670 1999; x_wconf 86' lang='lat' dir='ltr'>relinquere,</span> <span class='ocrx_word' id='word_1_81' title='bbox 707 1942 839 1999; x_wconf 85' lang='lat' dir='ltr'>quae</span> <span class='ocrx_word' id='word_1_82' title='bbox 873 1919 1075 1998; x_wconf 90' lang='lat' dir='ltr'>ipsum</span> <span class='ocrx_word' id='word_1_83' title='bbox 1114 1919 1310 2013; x_wconf 88' lang='lat' dir='ltr'>perire</span> <span class='ocrx_word' id='word_1_84' title='bbox 1352 1940 1658 1998; x_wconf 89' lang='lat' dir='ltr'>nunquam</span> <span class='ocrx_word' id='word_1_85' title='bbox 1704 1917 2025 1997; x_wconf 89' lang='lat' dir='ltr'>patientur.</span> 
     </span>
     <span class='ocr_line' id='line_1_17' title="bbox 319 2002 1691 2084; baseline -0.002 -22"><span class='ocrx_word' id='word_1_86' title='bbox 319 2004 503 2062; x_wconf 85' lang='lat' dir='ltr'>—At</span> <span class='ocrx_word' id='word_1_87' title='bbox 534 2024 827 2084; x_wconf 88' lang='lat' dir='ltr'>quorsum</span> <span class='ocrx_word' id='word_1_88' title='bbox 861 2025 1048 2083; x_wconf 90' lang='lat' dir='ltr'>equos</span> <span class='ocrx_word' id='word_1_89' title='bbox 1081 2003 1162 2061; x_wconf 91' lang='lat' dir='ltr'>sic</span> <span class='ocrx_word' id='word_1_90' title='bbox 1192 2002 1400 2060; x_wconf 85' lang='lat' dir='ltr'>acriter</span> <span class='ocrx_word' id='word_1_91' title='bbox 1432 2002 1691 2082; x_wconf 88' lang='lat' dir='ltr'>urgetis?</span> 
     </span>
    </p>
   </div>
   <div class='ocr_carea' id='block_1_8' title="bbox 1025 2126 1327 2184">
    <p class='ocr_par' dir='ltr' id='par_1_8' title="bbox 1025 2126 1327 2184">
     <span class='ocr_line' id='line_1_18' title="bbox 1025 2126 1327 2184; baseline 0.003 -3"><span class='ocrx_word' id='word_1_92' title='bbox 1025 2126 1327 2184; x_wconf 83' lang='lat' dir='ltr'><strong>ZAMORA.</strong></span> 
     </span>
    </p>
   </div>
   <div class='ocr_carea' id='block_1_9' title="bbox 317 2247 2027 2391">
    <p class='ocr_par' dir='ltr' id='par_1_9' title="bbox 317 2247 2027 2391">
     <span class='ocr_line' id='line_1_19' title="bbox 406 2247 2027 2328; baseline 0.001 -23"><span class='ocrx_word' id='word_1_93' title='bbox 406 2248 502 2305; x_wconf 93' lang='lat' dir='ltr'>Ut</span> <span class='ocrx_word' id='word_1_94' title='bbox 541 2249 615 2306; x_wconf 89' lang='lat' dir='ltr'>ad</span> <span class='ocrx_word' id='word_1_95' title='bbox 653 2247 976 2328; x_wconf 88' lang='lat' dir='ltr'>prandium</span> <span class='ocrx_word' id='word_1_96' title='bbox 1018 2248 1333 2306; x_wconf 84' lang='lat' dir='ltr'>veniamus</span> <span class='ocrx_word' id='word_1_97' title='bbox 1377 2247 1657 2328; x_wconf 86' lang='lat' dir='ltr'>tempori,</span> <span class='ocrx_word' id='word_1_98' title='bbox 1704 2269 1842 2307; x_wconf 90' lang='lat' dir='ltr'>nam</span> <span class='ocrx_word' id='word_1_99' title='bbox 1882 2247 2027 2307; x_wconf 90' lang='lat' dir='ltr'>hora</span> 
     </span>
     <span class='ocr_line' id='line_1_20' title="bbox 317 2332 1060 2391; baseline 0 -1"><span class='ocrx_word' id='word_1_100' title='bbox 317 2344 405 2390; x_wconf 86' lang='lat' dir='ltr'>est</span> <span class='ocrx_word' id='word_1_101' title='bbox 434 2332 589 2390; x_wconf 88' lang='lat' dir='ltr'>ultra</span> <span class='ocrx_word' id='word_1_102' title='bbox 622 2332 1060 2391; x_wconf 90' lang='lat' dir='ltr'>duodecimam.</span> 
     </span>
    </p>
   </div>
   <div class='ocr_carea' id='block_1_10' title="bbox 1014 2456 1333 2514">
    <p class='ocr_par' dir='ltr' id='par_1_10' title="bbox 1014 2456 1333 2514">
     <span class='ocr_line' id='line_1_21' title="bbox 1014 2456 1333 2514; baseline 0 -2"><span class='ocrx_word' id='word_1_103' title='bbox 1014 2456 1333 2514; x_wconf 85' lang='lat' dir='ltr'><strong>ALFARUS.</strong></span> 
     </span>
    </p>
   </div>
   <div class='ocr_carea' id='block_1_11' title="bbox 318 2577 2022 2996">
    <p class='ocr_par' dir='ltr' id='par_1_11' title="bbox 318 2577 2022 2996">
     <span class='ocr_line' id='line_1_22' title="bbox 405 2577 2020 2658; baseline -0.001 -21"><span class='ocrx_word' id='word_1_104' title='bbox 405 2579 662 2638; x_wconf 89' lang='lat' dir='ltr'>Irritasti</span> <span class='ocrx_word' id='word_1_105' title='bbox 695 2579 961 2638; x_wconf 89' lang='lat' dir='ltr'>desidem</span> <span class='ocrx_word' id='word_1_106' title='bbox 996 2592 1053 2636; x_wconf 91' lang='lat' dir='ltr'>et</span> <span class='ocrx_word' id='word_1_107' title='bbox 1087 2579 1233 2636; x_wconf 89' lang='lat' dir='ltr'>semi</span> <span class='ocrx_word' id='word_1_108' title='bbox 1266 2578 1628 2637; x_wconf 83' lang='lat' dir='ltr'>exstinctum</span> <span class='ocrx_word' id='word_1_109' title='bbox 1661 2577 2020 2658; x_wconf 88' lang='lat' dir='ltr'>appetitum.</span> 
     </span>
     <span class='ocr_line' id='line_1_23' title="bbox 322 2662 2022 2744; baseline -0.001 -22"><span class='ocrx_word' id='word_1_110' title='bbox 322 2664 512 2744; x_wconf 86' lang='lat' dir='ltr'>Cujus</span> <span class='ocrx_word' id='word_1_111' title='bbox 545 2678 745 2722; x_wconf 87' lang='lat' dir='ltr'>tamen</span> <span class='ocrx_word' id='word_1_112' title='bbox 779 2677 921 2722; x_wconf 92' lang='lat' dir='ltr'>sunt</span> <span class='ocrx_word' id='word_1_113' title='bbox 953 2663 1104 2721; x_wconf 87' lang='lat' dir='ltr'>aedes</span> <span class='ocrx_word' id='word_1_114' title='bbox 1138 2662 1264 2720; x_wconf 87' lang='lat' dir='ltr'>istae</span> <span class='ocrx_word' id='word_1_115' title='bbox 1298 2684 1446 2743; x_wconf 90' lang='lat' dir='ltr'>quas</span> <span class='ocrx_word' id='word_1_116' title='bbox 1486 2662 1703 2720; x_wconf 89' lang='lat' dir='ltr'>cursim</span> <span class='ocrx_word' id='word_1_117' title='bbox 1743 2675 1801 2720; x_wconf 88' lang='lat' dir='ltr'>et</span> <span class='ocrx_word' id='word_1_118' title='bbox 1832 2662 2022 2721; x_wconf 90' lang='lat' dir='ltr'>veluti</span> 
     </span>
     <span class='ocr_line' id='line_1_24' title="bbox 318 2745 2020 2827; baseline -0.001 -22"><span class='ocrx_word' id='word_1_119' title='bbox 318 2768 422 2827; x_wconf 91' lang='lat' dir='ltr'>per</span> <span class='ocrx_word' id='word_1_120' title='bbox 461 2761 871 2820; x_wconf 86' lang='lat' dir='ltr'>transennam,</span> <span class='ocrx_word' id='word_1_121' title='bbox 916 2761 1035 2805; x_wconf 89' lang='lat' dir='ltr'>tam</span> <span class='ocrx_word' id='word_1_122' title='bbox 1080 2747 1306 2826; x_wconf 90' lang='lat' dir='ltr'>magnis</span> <span class='ocrx_word' id='word_1_123' title='bbox 1348 2746 1541 2804; x_wconf 88' lang='lat' dir='ltr'>valvis</span> <span class='ocrx_word' id='word_1_124' title='bbox 1591 2767 1727 2804; x_wconf 91' lang='lat' dir='ltr'>cum</span> <span class='ocrx_word' id='word_1_125' title='bbox 1778 2745 2020 2804; x_wconf 89' lang='lat' dir='ltr'>annulis</span> 
     </span>
     <span class='ocr_line' id='line_1_25' title="bbox 319 2828 2021 2905; baseline -0.001 -15"><span class='ocrx_word' id='word_1_126' title='bbox 319 2831 634 2905; x_wconf 82' lang='lat' dir='ltr'>deauratiS,</span> <span class='ocrx_word' id='word_1_127' title='bbox 670 2830 903 2890; x_wconf 90' lang='lat' dir='ltr'>domini</span> <span class='ocrx_word' id='word_1_128' title='bbox 936 2844 1040 2889; x_wconf 91' lang='lat' dir='ltr'>aut</span> <span class='ocrx_word' id='word_1_129' title='bbox 1070 2829 1330 2889; x_wconf 90' lang='lat' dir='ltr'>auctoris</span> <span class='ocrx_word' id='word_1_130' title='bbox 1371 2828 1682 2889; x_wconf 87' lang='lat' dir='ltr'>facultates</span> <span class='ocrx_word' id='word_1_131' title='bbox 1716 2842 2021 2890; x_wconf 87' lang='lat' dir='ltr'>ostentan-</span> 
     </span>
     <span class='ocr_line' id='line_1_26' title="bbox 320 2915 880 2996; baseline 0.004 -24"><span class='ocrx_word' id='word_1_132' title='bbox 320 2928 406 2973; x_wconf 89' lang='lat' dir='ltr'>tes</span> <span class='ocrx_word' id='word_1_133' title='bbox 438 2915 880 2996; x_wconf 89' lang='lat' dir='ltr'>conspicimus?</span> 
     </span>
    </p>
   </div>
   <div class='ocr_carea' id='block_1_12' title="bbox 1021 3139 1320 3198">
    <p class='ocr_par' dir='ltr' id='par_1_12' title="bbox 1021 3139 1320 3198">
     <span class='ocr_line' id='line_1_27' title="bbox 1021 3139 1320 3198; baseline 0.003 -2"><span class='ocrx_word' id='word_1_134' title='bbox 1021 3139 1320 3198; x_wconf 88' lang='lat' dir='ltr'><strong>ZAMORA.</strong></span> 
     </span>
    </p>
   </div>
   <div class='ocr_carea' id='block_1_13' title="bbox 321 3262 2017 3430">
    <p class='ocr_par' dir='ltr' id='par_1_13' title="bbox 321 3262 2017 3430">
     <span class='ocr_line' id='line_1_28' title="bbox 408 3262 2017 3324; baseline 0.003 -5"><span class='ocrx_word' id='word_1_135' title='bbox 408 3262 715 3323; x_wconf 89' lang='lat' dir='ltr'>Dominus</span> <span class='ocrx_word' id='word_1_136' title='bbox 747 3279 805 3324; x_wconf 90' lang='lat' dir='ltr'>et</span> <span class='ocrx_word' id='word_1_137' title='bbox 837 3265 993 3324; x_wconf 88' lang='lat' dir='ltr'>idem</span> <span class='ocrx_word' id='word_1_138' title='bbox 1027 3265 1304 3324; x_wconf 87' lang='lat' dir='ltr'>conditor</span> <span class='ocrx_word' id='word_1_139' title='bbox 1329 3278 1417 3323; x_wconf 88' lang='lat' dir='ltr'>est</span> <span class='ocrx_word' id='word_1_140' title='bbox 1441 3263 1739 3324; x_wconf 90' lang='lat' dir='ltr'>Alfonsus</span> <span class='ocrx_word' id='word_1_141' title='bbox 1766 3263 2017 3324; x_wconf 89' lang='lat' dir='ltr'>Villase-</span> 
     </span>
     <span class='ocr_line' id='line_1_29' title="bbox 321 3346 2017 3430; baseline 0.002 -28"><span class='ocrx_word' id='word_1_142' title='bbox 321 3366 402 3418; x_wconf 87' lang='lat' dir='ltr'>ca,</span> <span class='ocrx_word' id='word_1_143' title='bbox 432 3346 536 3425; x_wconf 89' lang='lat' dir='ltr'>qui</span> <span class='ocrx_word' id='word_1_144' title='bbox 562 3368 718 3406; x_wconf 90' lang='lat' dir='ltr'>unus</span> <span class='ocrx_word' id='word_1_145' title='bbox 743 3348 1035 3408; x_wconf 88' lang='lat' dir='ltr'>industria</span> <span class='ocrx_word' id='word_1_146' title='bbox 1062 3371 1168 3408; x_wconf 90' lang='lat' dir='ltr'>sua</span> <span class='ocrx_word' id='word_1_147' title='bbox 1189 3362 1412 3408; x_wconf 89' lang='lat' dir='ltr'>tantam</span> <span class='ocrx_word' id='word_1_148' title='bbox 1433 3348 1695 3430; x_wconf 89' lang='lat' dir='ltr'>pecuniae</span> <span class='ocrx_word' id='word_1_149' title='bbox 1717 3347 1865 3421; x_wconf 88' lang='lat' dir='ltr'>vim,</span> <span class='ocrx_word' id='word_1_150' title='bbox 1889 3347 2017 3407; x_wconf 89' lang='lat' dir='ltr'>sine</span> 
     </span>
    </p>
   </div>
  </div>
 </body>
</html>
