2268 4003
340 289 436 339 274
953 285 1194 317 DIALOGUS
1222 282 1443 314 TERTIUS.

331 410 554 468 moniis
581 405 967 477 celeberrimi,
998 426 1133 462 cum
1163 403 1319 483 ipso,
1348 402 1531 459 modo
1557 423 1725 482 aquae
1748 401 2050 482 magnitu-

327 494 529 553 dinem
566 506 625 549 et
657 489 1001 561 utilitatem,
1040 488 1227 546 modo
1263 485 1749 566 perspicuitatem
1784 502 1842 543 et
1887 485 2049 567 posi-

326 591 458 634 tum
497 574 862 645 considereS,
900 570 1154 631 conferri
1191 569 1447 650 possint.

1043 706 1342 763 ZAMoRA.

413 831 472 890 Si
507 832 740 911 optima
774 844 863 888 est
895 851 1046 910 aqua
1079 851 1212 909 quae
1245 828 1320 887 sit
1347 827 1461 886 aeri
1491 847 1779 907 perquam
1810 826 2050 885 similli-

328 937 442 987 ma,
469 937 724 996 quaeque
756 913 978 973 calefiat
1011 928 1068 971 et
1096 912 1469 992 refrigeretur
1495 910 1762 982 celeriUS,
1793 932 1925 989 quae
1950 911 2050 968 de-

328 1013 492 1058 cocta
539 999 696 1057 vasis
743 1012 972 1057 crustas
1023 1018 1142 1054 non
1195 994 1511 1075 relinquit,
1565 1016 1698 1074 quae
1748 958 2051 1087 legumina

329 1082 504 1142 citius
532 1082 867 1163 percoquit,
898 1096 955 1139 et
980 1081 1204 1139 demun
1234 1101 1366 1160 quae
1395 1077 1582 1136 levior
1608 1092 1716 1149 est,
1747 1092 1811 1136 ut
1835 1076 2052 1136 sentire

328 1166 615 1225 videntur
640 1166 985 1224 Avicennas
1011 1178 1069 1222 et
1099 1163 1552 1243 Hyppocrates,
1582 1163 1746 1220 nulla
1768 1183 1825 1241 p
1817 1176 2051 1220 aestan-

331 1249 448 1309 tior
481 1250 586 1310 hac
621 1263 843 1308 nostra.

1029 1375 1350 1431 ALFARUs.

420 1499 659 1559 Plinius
687 1500 758 1557 ad
786 1495 1328 1578 stateraejudicium
1360 1515 1598 1574 perraro
1625 1494 1881 1575 aliquam
1911 1493 2056 1552 dicit

334 1583 668 1642 leviorem
657 1582 941 1653 inveniri3
981 1580 1289 1639 fontanam
1327 1594 1524 1637 tamen
1566 1599 1807 1658 aquam,
1857 1577 2052 1657 qualis

335 1667 454 1726 haec
481 1684 674 1726 vestra
699 1680 805 1737 est,
836 1664 1056 1724 caeteris
1082 1662 1498 1733 salubriorem,
1524 1676 1583 1719 et
1608 1661 1824 1719 maxin
1838 1686 1865 1719 e
1888 1677 2054 1720 terrae

336 1750 552 1824 liberae,
597 1714 939 1808 Aviceimas
980 1762 1251 1806 testatur.
1317 1747 1630 1804 Laudatur
1669 1767 1732 1803 ea
1773 1745 2047 1819 maxime,

337 1855 469 1914 quae
503 1835 737 1892 nullum
773 1853 1067 1913 saporem,
1108 1832 1434 1890 odoremve
1466 1830 1539 1889 ad
1571 1829 1733 1888 cibos
1767 1828 2053 1887 condien-

338 1918 448 1977 dos
476 1917 704 1976 habeat.

1058 2038 1336 2094 ZUAZUS.

423 2163 577 2240 Quae
610 2162 737 2221 sine
770 2162 971 2220 colore
1014 2160 1112 2233 sit,
1161 2159 1337 2217 etiam
1382 2159 1554 2218 laude
1586 2179 1692 2216 sua
1727 2179 1846 2217 non
1880 2171 2055 2218 caret.

1038 2287 1357 2344 ALFARUS.

426 2414 565 2490 Qua
587 2426 673 2471 est
698 2413 770 2471 ad
797 2410 1288 2491 promontorium
1319 2410 1626 2467 ascensus?
1659 2429 1793 2466 nam
1817 2409 2049 2467 dudum

341 2511 431 2556 est
463 2497 629 2576 quod
663 2496 898 2554 animus
932 2495 1127 2575 prurit
1166 2493 1480 2552 Mexicum
1515 2507 1707 2551 totam
1743 2492 1928 2551 oculis
1957 2513 2053 2550 ex-

342 2580 604 2660 positam
638 2579 994 2660 conspicere.

1055 2699 1356 2757 ZAMORA.

431 2827 571 2886 Hac
608 2827 990 2885 ascendemus
1038 2824 1288 2905 equites,
1344 2844 1476 2881 nam
1527 2821 1755 2902 pedites
1804 2822 2056 2880 delassa-

345 2910 561 2969 bimur.

1042 3034 1360 3091 ALFARUS.

437 3159 766 3234 Quinimo,
819 3158 866 3217 si
912 3157 1177 3229 videtur,
1225 3155 1503 3236 pedimus
1550 3154 2049 3226 conscendamus,

352 3242 567 3300 sessuri
601 3264 736 3300 cum
767 3241 1037 3312 libuerit;
1078 3262 1211 3298 nam
1241 3241 1577 3311 descensuS‚
1608 3237 1655 3297 si
1682 3239 1849 3319 equis
1876 3237 2053 3296 veha-

354 3344 506 3395 mur,
547 3346 663 3383 non
701 3326 944 3405 perinde
977 3338 1144 3383 tutus
1176 3323 1300 3382 erit.
