2268 4003
444 321 510 368 44
1060 315 1301 346 DIALOGUS
1329 314 1531 345 PRIMUS.

445 438 699 498 mantica
725 449 781 495 et
812 435 1218 515 Complutum
1248 446 1428 493 testes
1455 445 1615 504 sunt,
1645 432 1705 490 in
1726 445 1985 512 utroque
2008 432 2156 508 Jure

445 543 581 581 cum
616 519 881 600 antiquis
913 517 1298 578 conferendo,

1104 728 1504 787 GUTERRIUS.

531 855 669 932 Qua
701 875 927 934 pompa
958 866 1017 911 et
1042 852 1264 933 quibus
1290 851 1564 932 expensis
1591 848 1935 931 imponitur
1966 848 2160 930 pileus

450 938 810 997 doctoralis?

1209 1058 1420 1117 MESA.

538 1182 813 1242 Maxima
862 1203 1018 1254 sane,
1073 1196 1130 1240 et
1169 1203 1238 1241 eo
1279 1180 1669 1262 pecuniarum
1712 1179 2052 1260 dispendiO,
2097 1193 2166 1237 ut

451 1269 648 1327 multo
684 1267 861 1339 vilius
894 1279 1128 1325 constet
1163 1264 1550 1325 Salmanticae.

1112 1391 1513 1451 GUTERRIUS.

538 1500 821 1595 Quantus
848 1529 938 1574 est
962 1516 1280 1575 doctorum
1301 1527 1359 1573 et
1386 1514 1814 1596 magistrorum
1844 1513 2164 1572 numerus?

1213 1641 1424 1699 MESA.

539 1767 635 1825 Ex
660 1766 749 1824 his
777 1766 880 1846 qui
920 1764 1147 1824 Mexici
1175 1785 1519 1846 supremam
1545 1784 1832 1823 coronam
1859 1777 2003 1823 sunt
2026 1785 2170 1823 con-

452 1851 714 1932 sequuti,
768 1863 825 1908 et
868 1849 957 1908 his
999 1849 1102 1929 qui
1145 1849 1284 1907 alibi
1325 1849 1529 1908 eadem
1573 1847 1781 1907 donati
1833 1862 1998 1921 sunt,
2038 1849 2168 1930 jam

451 1933 797 1993 Academiae
827 1933 1055 1991 alumni
1090 1948 1147 1991 et
1180 1932 1423 1990 illorum
1457 1931 1655 1991 ordini
1689 1931 1993 2012 adscripti,
2042 1946 2171 1990 tan-

453 2032 571 2090 tus,
618 2031 686 2075 ut
725 2017 828 2075 vix
869 2018 1061 2097 major
1101 2017 1177 2074 sit
1219 2015 1616 2074 Salmanticae:
1665 2016 1738 2074 ad
1787 2036 1967 2095 quam
2019 2015 2169 2074 tanti

451 2100 749 2182 gymnasii
798 2099 979 2158 felici
962 2114 1140 2158 atem
1183 2100 1295 2157 hoc
1332 2099 1592 2171 accessit,
1635 2113 1704 2156 ut
1740 2098 2101 2179 ‘Alphonsus
2140 2122 2171 2158 a

460 2183 840 2256 Montufare,
903 2184 1260 2242 Mexicanus
1315 2182 1849 2276 ArchiepiscoopUS,
1904 2182 1964 2240 in
2015 2204 2172 2242 sacra

454 2267 799 2348 Theologia
831 2267 1083 2325 eximius
1128 2267 1445 2347 Magister,
1483 2266 1541 2324 in
1571 2266 1716 2324 serie
1742 2280 1800 2324 et
1823 2268 2004 2325 classe
2029 2268 2174 2326 doc-

454 2365 659 2411 torum
683 2351 915 2432 primus
938 2365 1347 2431 reponeretur,
1364 2351 1444 2409 sic
1466 2350 1525 2408 in
1549 2350 1776 2409 litteras
1798 2365 1855 2409 et
1878 2351 2172 2409 litteratos

455 2435 720 2508 affectuS,
756 2450 826 2493 ut
860 2435 1006 2493 nihil
1042 2450 1161 2494 tam
1198 2434 1366 2493 enixe
1397 2447 1581 2506 curet,
1619 2455 1801 2514 quam
1835 2456 1959 2514 quo
1993 2449 2171 2514 pacto

457 2520 711 2600 majores
746 2540 979 2599 semper
1011 2519 1072 2577 in
1106 2540 1167 2577 re
1201 2518 1484 2577 litteraria
1513 2538 1866 2598 progressus
1900 2518 2063 2576 fiant.

1120 2810 1520 2870 GUTERRIUS.

547 2933 752 3011 Quam
786 2944 940 2991 recte
975 2931 1097 2991 ille:

615 3074 689 3121 Da
714 3075 832 3121 mihi
861 3075 1170 3131 Maecenates,
1195 3091 1291 3121 non
1317 3073 1531 3131 deerunt,
1559 3075 1742 3132 Flacce,
1772 3075 2024 3123 Marones!

464 3197 590 3275 Qui
612 3198 1000 3280 designantur
1021 3212 1124 3258 aut
1148 3198 1208 3257 in
1232 3198 1642 3279 Theologicis,
1667 3213 1769 3258 aut
1789 3199 1848 3257 in
1875 3199 2166 3279 Physicis,

461 3294 564 3424 agt
585 3280 643 3339 in
675 3282 1077 3363 Jurisperitia,
1107 3304 1231 3364 quo
1253 3282 1518 3364 periculo
1544 3284 1846 3364 privatum
1875 3297 2168 3343 certamen

464 3385 494 3422 a
543 3366 719 3423 eunt?
