2268 4003
488 292 547 337 88
1066 305 1306 336 DIALOGUS
1334 303 1595 337 SECUNDUS.

1186 464 1503 521 ALFARUS.

573 601 771 678 Quam
807 601 1090 661 exhilarat
1121 603 1388 662 animum
1423 618 1480 662 et
1506 602 1704 661 visum
1732 600 1914 659 reficit
1941 601 2053 661 viae
2079 602 2191 660 hu-

479 687 582 767 jus
615 688 997 766 conspectus!
1043 708 1223 767 quam
1266 702 1322 745 et
1365 702 1601 746 extensa
1641 701 1699 744 et
1739 686 1961 765 ampla!
2010 706 2190 765 quam

489 770 668 827 recta!
710 785 932 848 quanta
961 772 1087 852 ejus
1121 771 1427 851 planicies!
1467 785 1524 829 et
1551 792 1622 827 ne
1650 769 1897 827 hiberno
1924 784 2195 849 tempore

492 853 742 911 lutescat
783 868 840 911 et
882 855 1136 913 obscena
1177 856 1280 927 sit,
1325 870 1454 913 tota
1496 853 1794 933 lapidibus
1837 866 2048 923 strata;
2095 873 2197 932 per

489 938 658 1017 cujus
695 937 979 1009 medium,
1018 940 1184 1018 quod
1216 939 1389 996 etiam
1417 937 1553 996 facit
1578 939 1648 994 ad
1677 938 1802 1017 ejus
1829 950 2107 994 ornatum
2136 949 2195 994 et

490 1020 712 1079 c1vium
757 1021 1097 1094 utilitatem,
1135 1022 1287 1080 intra
1319 1043 1497 1079 suum
1543 1021 1824 1092 canalem,
1868 1034 2085 1099 aperta,
2129 1032 2196 1078 ut

491 1103 676 1184 magis
711 1104 979 1178 delectet,
1016 1127 1170 1186 aqua
1201 1105 1478 1164 decurrit.

1203 1334 1504 1394 ZAMORA.

580 1459 674 1515 De
706 1457 990 1516 domibus
1024 1479 1171 1537 quas
1198 1457 1372 1515 habet
1397 1456 1683 1537 utrinque
1709 1469 1877 1515 tanto
1905 1454 2116 1514 ordine
2142 1467 2199 1513 et

490 1543 563 1600 ad
604 1543 1097 1621 perpendiculum
1142 1541 1387 1621 positas,
1433 1555 1501 1598 ut
1543 1542 1705 1599 nulla
1743 1540 1815 1599 ab
1847 1539 1957 1598 alia
1988 1539 2082 1598 vel
2117 1539 2197 1598 la-

492 1639 622 1683 tum
656 1647 919 1704 unguem
953 1625 1171 1697 deviet,
1208 1625 1354 1705 quid
1377 1625 1645 1706 judicas?

1191 1771 1509 1831 ALFARUS.

581 1892 862 1972 Superbae
893 1906 1035 1950 sunt
1068 1914 1275 1950 omnes
1318 1906 1375 1950 et
1418 1892 1874 1973 operosissimae,
1905 1907 1963 1951 et
1995 1893 2197 1986 quales

494 1976 968 2055 opulentissimis
1002 1991 1059 2034 et
1097 1975 1486 2035 nobilissimis
1529 1977 1761 2035 civibus
1805 1977 2192 2036 conveniant:

494 2060 756 2138 singulas
808 2082 929 2117 non
978 2060 1149 2132 aedeS,
1204 2059 1283 2118 ita
1330 2075 1472 2118 sunt
1514 2061 1662 2119 bene
1706 2060 2043 2134 materiatae,
2095 2062 2198 2119 sed

494 2164 650 2201 arces
684 2143 918 2201 dixeris,

1214 2286 1492 2346 ZUAZUS.

581 2410 761 2468 Tales
794 2409 1069 2490 oportuit
1110 2409 1407 2491 principio
1452 2411 1573 2469 fieri
1621 2411 1680 2468 in
1726 2425 1887 2469 tanta
1932 2409 2197 2470 hostium

499 2493 908 2566 multitudine,
962 2515 1097 2551 cum
1141 2495 1294 2574 eingi
1341 2495 1526 2554 muris
1570 2509 1626 2553 et
1668 2495 1934 2554 turribus
1979 2494 2198 2553 muniri

499 2577 705 2635 civitas
739 2598 860 2635 non
895 2591 1114 2657 posset.

1199 2726 1518 2784 ALFARUS.

587 2852 850 2910 Praesens
876 2852 1213 2922 consilium,
1253 2872 1443 2930 neque
1469 2873 1547 2923 se,
1578 2866 1646 2909 ut
1675 2851 1817 2908 nihil
1849 2851 2201 2910 desiderare-

501 2949 616 3007 tur,
655 2936 788 3014 plus
811 2935 981 3014 justo
1015 2934 1299 2993 efferunt:
1340 2934 1538 3013 idque,
1574 2935 1629 2992 ni
1657 2934 1849 3008 fallor,
1882 2950 2011 2993 tum
2045 2948 2113 2992 ut
2140 2934 2197 2990 in

502 3019 957 3090 terraemotibUS,
984 3018 1322 3099 cujusmodi
1353 3018 1530 3075 audio
1558 3040 1681 3076 esse
1707 3019 1937 3099 aliquot
1962 3019 2019 3075 in
2050 3018 2200 3076 hisce

503 3102 867 3181 regionibUS,
905 3124 1222 3173 concussae,
1259 3101 1576 3159 altitudine
1613 3124 1717 3160 sua
1751 3124 1870 3159 non
1905 3115 2195 3170 corruant,

504 3198 632 3242 tum
669 3200 736 3242 ut
767 3207 836 3243 ex
865 3207 1035 3264 aequo
1071 3207 1275 3243 omnes
1309 3185 1492 3242 solem
1526 3186 1868 3258 admittant,
1906 3185 2043 3244 alias
2075 3183 2197 3241 aliis

507 3288 924 3348 nequamquan
964 3267 1484 3328 obumbrantibus,
