2268 4003
504 315 522 347 1
535 315 598 363 34
1085 316 1324 348 DIALOGUS
1351 315 1614 348 SECUNDUS.

1192 477 1513 535 ALFARUS.

582 599 760 676 Quos
792 612 859 657 tu
892 599 1155 679 appellas
1187 600 1598 680 promiscuos?

1215 725 1492 784 ZUAZUS.

577 846 647 906 H
663 846 1117 927 ispano—indOS.

1193 976 1510 1033 ALFARUS.

574 1099 699 1157 ‘Dic
730 1097 1095 1179 explicatius,

1212 1221 1490 1279 ZUAzus.

576 1346 863 1418 OrbatOS,
901 1345 1006 1426 qui
1040 1345 1161 1405 nati
1194 1360 1336 1405 sunt
1368 1367 1436 1404 ex
1466 1344 1816 1404 hominibus
1842 1343 2110 1426 hispanis
2138 1357 2195 1402 et

489 1429 699 1490 indicis
733 1429 990 1489 feminis,

1189 1555 1509 1613 ALFARUS.

576 1679 745 1757 Quid
777 1679 858 1737 ibi
893 1679 1160 1740 conclusi
1194 1681 1417 1759 agunt?

1195 1805 1499 1863 ZAMORA.

574 1929 833 2008 Legunt,
863 1927 1153 1999 scribunt,
1183 1941 1242 1985 et
1267 1928 1434 2007 quod
1461 1940 1550 1984 est
1580 1925 1805 2006 potiUS,
1842 1926 1901 1982 in
1937 1924 2028 1984 his
2060 1946 2192 2006 quae

486 2012 560 2070 ad
597 2012 712 2069 Dei
745 2012 976 2070 cultum
1008 2011 1330 2091 pertinent,
1369 2010 1788 2068 instituuntur.
1841 2008 1978 2066 Bini
2011 2009 2071 2067 in
2105 2022 2191 2068 ta-

486 2094 706 2153 laribus
729 2095 997 2154 vestibus
1021 2095 1328 2166 incedunt,
1353 2094 1708 2173 plerumque
1730 2092 2022 2172 quaterni,
2048 2092 2190 2174 quia

485 2178 674 2259 pueri.

1181 2305 1499 2361 ALFARUS.

570 2427 741 2505 Quid
773 2427 957 2487 acturi
991 2427 1094 2487 ubi
1126 2427 1529 2487 adoleverint?

1194 2551 1472 2608 ZUAzus‚

570 2674 948 2734 Liberalibus
990 2674 1093 2754 qui
1137 2675 1376 2754 ingenio
1417 2676 1636 2747 valent,
1683 2674 1873 2733 caeteri
1915 2674 2017 2755 qui
2061 2695 2182 2733 non

482 2758 730 2838 perinde
751 2758 1102 2817 mechanicis
1125 2772 1181 2816 et
1203 2757 1682 2816 circumforaneis
1704 2758 1964 2817 artibus
1952 2779 2183 2817 mcum-

481 2842 655 2914 bunt,
693 2863 816 2922 quo
849 2842 917 2900 fit
953 2854 1022 2900 ut
1060 2863 1177 2900 una
1217 2863 1351 2900 cum
1394 2856 1560 2900 aetate
1602 2855 1895 2901 crescente
1937 2843 2208 2915 virtute,—

481 2925 594 2985 viri
627 2924 785 2998 facti,
823 2924 934 2984 nisi
964 2925 1136 2984 inviti
1171 2926 1242 2984 ad
1275 2925 1499 2983 malum
1535 2926 1733 2986 induci
1768 2947 1889 2985 non
1921 2925 2176 3006 possint.

1171 3159 1487 3217 ALFARUS.

565 3280 902 3361 Nunquam
944 3295 1034 3340 est
1071 3282 1409 3362 reipublicae
1450 3297 1569 3340 tam
1612 3283 1760 3341 bene
1803 3284 2168 3354 consultum,

480 3383 659 3443 quam
700 3385 835 3422 cum
877 3364 958 3423 sic
999 3364 1333 3424 formantur
1373 3366 1568 3445 pueri,
1621 3380 1690 3424 ut
1730 3367 1950 3426 virtute
1989 3386 2168 3446 quam
