2268 4003
394 320 425 369 4
476 347 478 349 ¹
913 310 1143 342 EP18TOLA
1171 311 1582 343 NUNCUPATORIA.

389 458 576 520 gnum
611 436 739 493 luce
759 450 1045 511 pararem.
1109 430 1515 510 Quapropter,
1551 429 1788 488 tametsi
1810 429 2100 510 graviori-

391 525 502 581 bus
525 512 1166 593 studiis,Theologicis
1189 514 1432 587 scilicet,
1461 513 1692 572 adictus
1717 534 1928 586 essem,
1954 515 2097 573 dum

395 606 619 684 majora
645 597 883 670 molior,
915 596 1061 654 nihil
1087 597 1395 677 antiquius
1423 597 1565 656 duxi
1593 618 1774 677 quarn
1805 596 2102 677 Dialogos

395 690 502 746 hos
529 705 680 765 quos
719 679 1068 740 successivis
1099 680 1282 754 horis,
1313 680 1661 739 institutum
1686 679 1862 739 Vivis
1889 702 2105 761 sequu-

394 785 511 841 tus,
548 770 607 826 in
639 763 1448 844 remstudiosaejuventutis
1480 763 1966 843 conscripseram,
1996 762 2104 821 tibi

395 853 501 912 uni
535 851 638 909 hac
670 849 729 906 in
765 847 1003 929 regione
1040 847 1385 906 studiorum
1424 845 1644 906 fautori
1684 862 1741 905 et
1785 846 2106 905 Maecenati

396 953 764 1003 consecrare3
803 952 924 989 non
959 944 1027 988 ut
1053 930 1374 1010 quicquam
1405 931 1769 988 munusculo
1795 930 1907 988 hoc
1932 930 2108 1010 plane

398 1015 687 1078 levidensi
721 1013 999 1095 dignitati
1032 1027 1150 1072 tuae
1181 1014 1317 1073 addi
1349 1034 1525 1093 posse
1555 1013 1821 1086 arbitrer,
1850 1034 1982 1094 quae
2007 1035 2106 1071 su-

398 1101 644 1161 blimior
675 1117 763 1157 est
795 1118 975 1178 quam
1016 1110 1084 1155 ut
1121 1096 1312 1176 ipsam
1352 1118 1440 1154 res
1479 1097 1626 1156 adeo
1665 1118 1847 1177 parva
1878 1097 2111 1155 contin-

398 1206 534 1267 gere
567 1182 775 1264 possit,
813 1181 915 1240 sed
947 1193 1016 1238 ut
1050 1179 1177 1260 ipse
1209 1179 1375 1261 operi
1409 1200 1543 1237 meo
1576 1179 1636 1237 in
1676 1180 1933 1239 tenebris
1966 1179 2112 1239 deli-

401 1267 665 1340 tescenti,
703 1280 812 1324 tuo
847 1263 1091 1322 nomine
1124 1264 1316 1322 lucem
1349 1276 1406 1322 et
1438 1264 1822 1344 splendorem
1850 1262 2111 1322 afferam.

403 1353 624 1430 Quare,
679 1351 854 1408 Pater
902 1346 1443 1421 Reverendissime,
1493 1361 1551 1405 et
1598 1347 1774 1406 nobis
1822 1346 2111 1405 omnibus

404 1435 612 1494 multis
647 1431 996 1491 nominibus
1030 1431 1421 1503 observande,
1447 1431 1574 1512 jam
1610 1444 1749 1489 tuos
1798 1429 1973 1511 (quia
2004 1428 2115 1487 tibi

403 1515 818 1597 nuncupatos)
855 1528 1092 1573 nostros
1126 1515 1355 1573 labores
1381 1514 1461 1572 sic
1487 1513 1627 1572 fove
1654 1528 1711 1572 et
1737 1515 2112 1594 amplectere,

404 1616 473 1661 ut
520 1602 594 1660 ad
641 1601 837 1658 multo
886 1599 1169 1679 majoreS,
1221 1599 1516 1678 longeque
1561 1597 1884 1677 graviores,
1937 1596 2115 1655 nobis

405 1706 575 1765 spem
610 1683 812 1753 facias;
857 1695 914 1740 et
951 1683 1024 1741 ad
1063 1681 1403 1740 uberiorem
1437 1680 1657 1761 linguae
1688 1680 1883 1739 latinae
1915 1679 2119 1760 cogni-

406 1770 659 1840 tionem,
702 1765 1037 1825 studiosam
1062 1766 1452 1846 juventutem
1493 1764 1678 1845 magis
1710 1786 1774 1823 ac
1806 1763 1995 1845 magis
2028 1763 2119 1821 in—

406 1852 620 1912 cendas
648 1865 704 1909 et
736 1849 1026 1907 inflames.

496 1936 657 1994 Bene
701 1934 848 2005 vale,
905 1932 1238 1990 Mexicanae
1287 1931 1566 1990 Ecclesiae
1612 1932 1912 2003 columen,
1964 1931 2119 1989 Aca-

411 2019 620 2079 demiae
662 2019 838 2077 decus
882 2031 939 2075 et
979 2017 1180 2075 Novae
1230 2015 1550 2097 Hispaniae
1582 2015 1912 2074 maximum
1948 2035 2120 2073 orna-

413 2115 705 2162 mentum.
