2268 4003
470 334 532 395 98
572 358 579 371 ·
1049 342 1287 374 mALocus
1314 341 1573 373 SECUNDUS.

1156 500 1472 558 ALFARUS.

550 666 731 747 Spirae
763 665 948 725 nihilo
983 663 1291 723 inferiores
1323 676 1493 736 sunt3
1539 677 1596 723 et
1634 662 1736 745 qui
1771 664 2031 724 reddunt
2064 687 2159 724 so·

463 750 677 809 larium
710 764 1014 821 aeternum,
1052 749 1274 829 quique
1306 748 1506 828 ipsum
1528 769 1664 806 vere
1697 749 1883 827 regale
1914 746 2156 822 faciunt,

463 847 605 892 sunt
635 854 801 891 arcus
833 854 903 892 ex
932 834 1140 891 eodem
1176 852 1472 890 marmore
1503 831 1815 890 artificiose
1854 830 2007 904 facti,
2044 845 2161 890 tra-

464 917 633 975 bium
667 917 798 974 loco
840 916 1138 974 columnis
1178 915 1467 995 impositi,
1512 928 1735 973 tectum
1780 936 1851 973 ne
1890 935 2160 995 unquam

465 1013 596 1058 ruat
642 1012 1078 1058 sustentantes:
1132 998 1447 1057 marmorei
1494 1013 1638 1057 sunt
1683 997 1860 1056 etiam
1906 998 2159 1071 cancelli,

464 1105 535 1142 ne
568 1082 703 1163 quis
736 1083 902 1142 cadat
934 1082 994 1140 in
1027 1103 1301 1162 praeceps,

1181 1331 1458 1390 ZUAzus.

549 1474 737 1533 Tecta
778 1473 1129 1555 hujusmodi
1168 1487 1384 1555 aperta,
1429 1495 1562 1555 quae
1601 1485 1669 1532 tu
1707 1473 1910 1532 solaria
1948 1472 2020 1531 ab
2068 1494 2162 1532 ex-

465 1557 743 1638 cipiendo
791 1559 999 1630 solem,
1052 1557 1175 1616 sive
1220 1556 1601 1616 deambulacra
1647 1579 1678 1616 a
1725 1556 2180 1628 deambulando,-

467 1642 632 1714 dicis,
657 1640 889 1721 antiqui
912 1641 1404 1719 etiamprocestria
1424 1641 1638 1700 dixere.
1689 1640 1944 1699 Fiebant
1962 1653 2161 1699 autem

466 1724 791 1805 aequalibus
816 1724 1232 1783 columnarum
1255 1745 1720 1784 marmorearum
1748 1723 2164 1783 latericiarum-

467 1829 540 1868 ve
571 1807 897 1867 intervallis
928 1808 1147 1888 patula,
1183 1829 1360 1888 super
1398 1829 1653 1901 quarum
1691 1807 1960 1887 epistylia
1997 1828 2164 1866 arcus

467 1890 896 1963 curvabuntur,
948 1904 1017 1949 ut
1063 1891 1123 1949 in
1171 1892 1282 1964 his,
1329 1891 1655 1971 speciosior
1700 1904 1769 1949 ut
1813 1890 1968 1950 foret
2009 1904 2165 1950 stru-

467 1987 657 2033 ctura:
711 1995 877 2033 arcus
926 1989 1126 2034 autem
1175 1974 1234 2033 in
1288 1975 1443 2033 hisce
1491 1973 1750 2034 aedificiis
1796 1973 2166 2034 formabatur

467 2056 530 2115 in
563 2056 977 2139 hemicyclum,
1014 2059 1539 2135 quemodmodum
1576 2071 1633 2116 et
1674 2057 1944 2131 coelestis,
1985 2079 2164 2139 quem

472 2139 621 2198 Irim
663 2141 980 2220 appellant.
1033 2141 1492 2214 Muniebantur,
1541 2163 1613 2200 ne
1654 2142 1790 2222 quis
1831 2142 2163 2222 prolabere-

469 2236 588 2295 tur,
640 2224 838 2296 lorica,
892 2238 995 2283 aut
1042 2245 1110 2282 ex
1158 2245 1454 2283 marmore
1500 2239 1600 2283 aut
1649 2226 1838 2304 lign03
1893 2246 1957 2284 ea
2005 2225 2065 2284 in
2107 2245 2167 2284 re

468 2306 675 2449 bellica
706 2307 1111 2388 sepimentum
1141 2306 1277 2382 fuit,
1313 2329 1435 2390 quo
1469 2308 1807 2368 obsessores
1840 2308 2015 2368 urbes
2046 2308 2167 2369 cin-

471 2410 540 2471 ge
586 2403 706 2451 ant.

1164 2557 1482 2617 ALFARUs.

560 2711 756 2771 Docte
775 2711 1018 2793 quidem
1044 2712 1124 2772 id.
1158 2714 1430 2794 Pergulas
1455 2727 1673 2788 tamen,
1704 2738 1734 2774 a
1746 2716 2020 2796 pergendo
2046 2713 2167 2775 for-

473 2807 643 2867 tasse,
678 2795 921 2875 quibus
931 2796 1272 2856 consimiles
1306 2811 1448 2857 sunt
1478 2813 1742 2879 patentes
1774 2801 2011 2873 exedrae,
2059 2821 2165 2858 no-

473 2877 725 2937 minatas
749 2879 956 2938 audio:
994 2901 1126 2959 quae
1149 2881 1472 2954 ‹nvaedium
1494 2882 1616 2941 sive
1637 2882 1843 2942 hortos
1865 2897 1921 2942 et
1947 2884 2164 2963 plateas

472 2974 940 3055 prospectarent,
986 2976 1044 3021 et
1085 2962 1145 3021 in
1188 2986 1333 3045 quas
1377 2967 1466 3024 sol
1514 2988 1576 3025 ac
1617 2967 1758 3025 luna
1799 2988 1941 3026 suos
1972 2966 2164 3026 radios

473 3043 854 3104 immiterent.
901 3045 1179 3120 Cancelli,
1210 3048 2160 3128 qu1mur1erantcoenaeulorum

474 3147 577 3186 ora
606 3127 724 3187 ab
710 3128 922 3209 1njuria
963 3130 1164 3210 lapsus
1205 3131 1351 3190 inibi
1394 3132 1717 3192 incedentis
1760 3132 2159 3203 defendenteS,

476 3211 802 3292 nuncupati
834 3226 995 3287 sunt,
1031 3214 1124 3273 vel
1153 3215 1405 3311 periboli,
1447 3237 1599 3296 quos
1642 3216 1819 3276 divus
1855 3216 2163 3294 Hierony-

477 3311 611 3351 mus
641 3308 812 3372 septa,
848 3317 1066 3356 coronas
1096 3310 1153 3356 et
1182 3300 1437 3357 circuitus
1467 3300 1742 3381 appellat,
1776 3300 1871 3361 vel
1912 3298 2158 3369 loriculae,

477 3376 678 3435 eadem
713 3379 1058 3460 metaphora
1088 3402 1206 3462 qua
1231 3382 1422 3442 loricae.
