2268 4003
392 308 485 366 290
989 309 1226 348 DIALoous
1260 318 1479 348 TERTms.

390 439 483 496 nia
514 438 573 493 in
607 437 750 493 orbe
782 437 964 493 altero
998 436 1209 514 posita,
1248 457 1316 493 ex
1348 458 1462 515 qua
1495 436 1554 493 in
1594 451 1857 495 nostram
1901 454 1998 496 tan
2018 453 2082 496 to

390 536 674 598 tempore,
705 533 762 576 et
795 533 955 576 tanta
975 541 1109 576 cum
1134 519 1479 577 difficultate
1502 540 1717 577 merces
1741 520 2072 600 importan-

389 618 504 675 tur,
521 625 584 660 ea
605 602 806 660 omnia
827 602 1226 660 abundantius
1248 603 1462 675 mult0‚
1481 624 1611 682 quae
1631 604 1802 662 nobis
1824 603 2074 663 confinis

389 700 495 758 est,
537 686 782 744 Florida
812 686 1112 765 praeberet.

1081 793 1400 849 ALFARUS.

474 893 605 951 Fiet
637 893 697 953 id
729 914 903 973 spero
936 893 1278 974 aliquandO.

1090 999 1390 1057 ZAMORA.

472 1103 607 1161 Fiet
638 1124 773 1162 cum
806 1103 1068 1183 primum
1096 1103 1297 1161 visum
1324 1101 1504 1160 fuerit
1532 1103 1766 1175 Caesari,
1798 1124 1913 1183 que
1935 1125 2088 1162 nun-

386 1209 565 1268 quam
599 1188 751 1245 solet
792 1209 1003 1267 magna
1046 1187 1170 1246 sine
1212 1207 1429 1266 magno
1474 1186 1651 1244 etiam
1695 1187 1945 1245 consilio
1991 1209 2087 1268 ag-

384 1271 568 1351 gredi.
623 1271 846 1330 Caetera
877 1292 1018 1328 vero
1043 1293 1174 1351 quae
1204 1271 1275 1328 ad
1297 1270 1514 1327 coelum
1538 1270 1861 1350 solumque
1890 1271 2090 1329 Novae

390 1355 709 1434 Hispaniae
750 1355 1067 1434 pertinent,
1115 1353 1401 1434 quoniam
1436 1375 1557 1411 non
1594 1353 1704 1411 nisi
1750 1354 1955 1412 multis
1993 1375 2089 1412 ex-

384 1439 586 1518 plicari
620 1453 896 1518 possunt,
930 1439 1103 1498 latius
1136 1460 1197 1496 ac
1227 1438 1436 1495 melius
1463 1459 1533 1495 ex
1560 1437 1732 1495 Novi
1759 1438 1939 1518 hujus
1968 1439 2089 1496 Or-

385 1523 475 1581 bis
525 1522 918 1602 Geographia,
970 1545 1103 1601 quae
1156 1535 1397 1579 auctore
1447 1521 1752 1596 Joannote
1809 1522 2085 1593 Durano,

386 1607 516 1664 viro
549 1628 611 1664 ea
644 1607 702 1663 in
737 1628 796 1663 re
828 1605 1304 1676 absolutissimO,
1343 1604 1694 1663 brevissime
1726 1604 2038 1684 prodibit
2027 1626 2086 1662 1n

388 1691 601 1761 lucem,
638 1689 929 1769 intelliges
963 1704 1020 1747 et
1051 1710 1388 1768 cognosces.
1456 1690 1551 1746 De
1584 1689 1856 1746 moribus
1889 1702 2086 1746 autem

388 1787 444 1831 et
478 1773 769 1830 institutis
804 1773 1106 1844 indorum,
1145 1787 1440 1852 quantum
1485 1771 1773 1851 temporis
1817 1772 2090 1852 angustia

387 1856 667 1935 patietur,
705 1878 839 1914 nam
874 1872 930 1914 et
960 1856 1394 1935 advesperascit
1426 1870 1483 1913 et
1520 1877 1707 1935 prope
1740 1869 1828 1913 est
1858 1856 2084 1928 civitaS‚

391 1940 651 2011 ZuazuS,
704 1939 807 2019 qui
855 1940 1085 1997 tamdiu
1133 1940 1332 2011 tacuit,
1368 1953 1426 1996 et
1472 1939 1723 2018 diligens
1769 1954 1857 1997 est
1889 1960 2087 1996 rerum

389 2023 720 2103 indagator,
756 2036 824 2081 ut
856 2044 1086 2102 semper
1117 2021 1273 2093 facit,
1311 2036 1368 2079 et
1399 2022 1692 2102 eleganter
1724 2036 1781 2080 et
1813 2044 1946 2080 vere
1972 2022 2089 2081 dis-

389 2120 556 2165 seret.

1087 2295 1402 2351 ALFARUS.

476 2397 548 2455 Id
581 2409 639 2455 te
671 2417 837 2477 rog0,
875 2396 1094 2468 Zuaze,
1130 2394 1304 2454 facias
1319 2441 2081 2454 ............................

905 2496 1243 2546 (Desiderantur
1263 2497 1429 2549 paginae
1451 2496 1579 2551 duae.)

1065 2592 1413 2674 [ZUAzus.]

481 2746 628 2759 ......
662 2700 896 2758 otiosus
929 2700 1178 2772 viveret,
1215 2699 1490 2757 omnium
1522 2696 1775 2755 maxime
1807 2697 2087 2755 curabant

390 2784 716 2864 principes:
772 2783 1163 2876 intelligentes
1220 2782 1505 2840 nimirum
1554 2802 1675 2838 non
1734 2801 1910 2860 posse
1965 2801 2086 2837 non

392 2868 543 2926 male
574 2889 739 2947 agere
770 2866 872 2947 qui
908 2868 1140 2925 otiosus
1172 2864 1367 2923 fuerit.
1420 2865 1780 2951 Magnatum
1804 2878 1861 2922 et
1881 2884 2085 2943 regum

392 2951 645 3031 superba
678 2951 931 3008 nimium
977 2948 1212 3029 palatia,
1259 2947 1448 3028 plebis
1491 2962 1694 3006 contra
1725 2949 1998 3027 depressa
2029 2958 2087 3004 et

393 3034 642 3092 humilia
674 3048 839 3092 erant
869 3032 1197 3103 domicilia3
1246 3032 1524 3112 pleraque
1565 3053 1634 3089 ex
1664 3032 1861 3089 crudis
1896 3028 2085 3088 lateri-

392 3117 524 3189 bus,
560 3133 628 3176 ut
661 3139 837 3190 nunc,
874 3117 1080 3195 procul
1114 3116 1267 3174 inter
1299 3137 1357 3174 se
1399 3115 1594 3195 posita
1624 3128 1681 3172 et
1712 3115 1934 3194 absque
1966 3112 2085 3171 ulla

393 3201 555 3259 serie.
622 3202 805 3258 Metu
849 3200 1032 3279 magis
1074 3221 1252 3280 quam
1299 3220 1499 3257 amore
1541 3220 1642 3256 eos
1675 3219 1892 3278 parere,
1934 3194 2084 3254 dixit

395 3305 546 3362 saepe
575 3284 993 3355 Moteczuma3
1032 3284 1195 3363 quod
1222 3304 1345 3341 esse
1369 3303 1576 3340 verum
1603 3279 1961 3360 experientia
1984 3280 2083 3336 de-

395 3366 587 3424 clarat.
633 3331 1063 3440 Jumentortim
1099 3367 1300 3425 nullus
1327 3365 1443 3423 illis
1469 3387 1614 3424 usus
1640 3363 1784 3423 fuit:
1820 3360 2081 3423 humeris

1860 3602 1940 3609 Vq
