2268 4003
474 329 537 377 40
1092 325 1328 357 DIALOGUS
1356 326 1552 357 PRIMUS.

1127 485 1525 545 GUTERRIUS.

556 611 870 670 Acriterne
910 610 1293 692 impetuntur
1334 611 1704 693 quicumque
1744 611 2037 672 axiomata
2077 625 2174 672 tu-

472 696 653 755 taturi
685 696 1017 776 palaestram
1049 695 1480 754 altercatoriam
1513 695 1964 777 ingrediuntur?

1227 819 1437 878 MEsA.

556 945 886 1018 Acerrime,
928 958 986 1003 et
1035 966 1098 1005 ea
1147 944 1301 1003 inter
1349 958 1834 1026 propugnantem
1883 958 1941 1003 et
1981 944 2179 1026 impu-

469 1045 753 1111 gnantem
797 1050 998 1109 pugna
1037 1028 1457 1101 committitur,
1503 1030 1576 1087 ad
1617 1049 1877 1122 eumque
1921 1030 2177 1088 modum

474 1136 685 1188 manus
712 1113 1069 1185 conseritur,
1098 1126 1167 1171 ut
1197 1126 1450 1192 uterque
1482 1133 1603 1170 non
1631 1112 1830 1170 minus
1857 1133 2036 1192 quam
2065 1133 2178 1193 pro

472 1198 582 1257 aris
617 1212 674 1256 et
705 1195 852 1256 focis
885 1195 1191 1277 digladiari
1231 1195 1523 1254 videatur.
1575 1196 1749 1255 Sedet
1793 1195 2071 1254 sublimis
2112 1196 2181 1253 li-

472 1283 626 1340 tium
662 1280 1033 1374 compositor
1064 1294 1121 1338 et
1153 1279 1556 1360 quaestionum
1590 1279 1963 1361 profligator,
1999 1293 2181 1338 certa-

473 1365 653 1424 minis
693 1364 786 1444 (ut
817 1365 898 1424 ait
931 1363 1141 1443 Vives)
1174 1385 1387 1444 praeses
1414 1378 1471 1421 et
1497 1363 1957 1422 contentionum
1986 1365 2182 1422 decre-

471 1464 588 1521 tor,
625 1470 761 1507 cum
795 1448 1061 1528 e'pitogio
1093 1463 1150 1506 et
1180 1447 1438 1528 ephestri
1473 1447 1811 1506 doctorali
1799 1446 2018 1527 1nsigni
2052 1448 2180 1529 ejus

474 1533 701 1591 ordinis
734 1546 791 1590 et
823 1531 1152 1612 dignitati8‚
1188 1553 1258 1590 ex
1290 1530 1589 1611 magistris
1616 1530 1711 1589 cui
1740 1532 2072 1590 secundum
2101 1531 2180 1589 le-

473 1638 606 1698 gem
641 1616 879 1696 obtigit.

1131 1736 1528 1796 GUTERRIUS.

560 1843 865 1942 Nunquid
897 1883 965 1920 ex
995 1883 1166 1942 aequo
1200 1859 1434 1919 fortiter
1465 1875 1522 1920 et
1554 1875 1793 1920 strenue
1825 1860 1931 1942 qui
1968 1860 2029 1919 in
2056 1882 2178 1920 are-

474 1968 609 2006 nam
641 1947 1011 2006 descendunt
1044 1947 1344 2005 decertant
1374 1959 1431 2004 et
1455 1946 1868 2004 contendunt?

1232 2061 1442 2130 MESA.

561 2194 826 2253 Minime
858 2216 1029 2266 vero;
1068 2193 1313 2274 quidam
1347 2194 1504 2253 enim
1530 2195 1819 2276 jugulum
1852 2209 2086 2276 petunt,
2123 2208 2181 2255 et

469 2281 542 2338 ad
585 2279 1009 2337 recantandum
1050 2278 1301 2359 adigunt
1338 2294 1838 2351 concertatorem;
1884 2279 1980 2338 alii
2020 2279 2178 2339 idem

469 2377 780 2436 conantur,
828 2363 929 2421 sed
972 2383 1094 2420 non
1137 2377 1561 2456 assequuntur..
1616 2363 1923 2421 Nonnulli
1971 2364 2174 2443 gladio

469 2446 824 2506 adoriuntur
855 2445 1166 2526 plumbeO,
1203 2460 1260 2504 et
1292 2446 1394 2527 qui
1427 2446 1630 2505 statim
1670 2447 2031 2520 retunditur,
2075 2462 2179 2506 aut

472 2530 611 2610 quia
644 2544 883 2623 tyrones
916 2543 1076 2601 sunt,
1113 2544 1405 2588 certamen
1439 2551 1752 2609 nunquam
1778 2530 2046 2610 ingressi,
2076 2546 2178 2590 aut

470 2613 610 2694 quia
643 2612 883 2693 ingenio
919 2634 1040 2671 non
1075 2634 1267 2693 usque
1299 2614 1444 2672 adeo
1479 2627 1622 2671 sunt
1654 2614 1996 2694 perspicaci.

1130 2737 1527 2798 GUTERRIUS.

559 2862 759 2920 Datne
792 2881 1006 2919 manus
1038 2860 1361 2941 aliquando
1389 2863 1839 2942 propugnator?

1227 3088 1436 3146 MESA.

555 3211 706 3271 Fere
742 3233 1076 3293 nunquam,
1118 3213 1283 3293 quod
1315 3225 1416 3271 aut
1456 3234 1486 3271 a
1522 3213 1773 3293 praeside
1809 3228 1912 3274 aut
1950 3214 2022 3274 ab
2055 3214 2171 3274 alio

470 3314 540 3353 ex
571 3295 861 3357 veteranis
893 3310 951 3356 et
984 3296 1088 3377 qui
1121 3296 1325 3376 praelio
1363 3317 1515 3376 saepe
1549 3297 1966 3371 interfuerunt,
1994 3300 2172 3380 juva-

471 3390 595 3436 tur:
639 3377 824 3457 fitque
863 3400 1299 3461 nonnunquam
1342 3393 1411 3439 ut
1452 3381 1742 3441 contraria
1775 3382 2170 3442 sentientibus

1888 3612 1963 3620 [Ὗ
