2268 4003
417 308 509 356 150
998 305 1238 336 DIALOGUS
1264 303 1523 336 SECUNDUS.

410 427 588 499 foliis,
634 424 801 504 quod
843 443 952 481 nos
991 423 1256 503 alquitira
1296 424 1572 495 dicimus,
1616 435 1685 480 ut
1717 422 1843 502 ejus
1878 420 1938 479 in
1974 441 2114 479 con-

411 507 720 570 cinnandis
746 527 816 565 ex
842 506 1112 566 saccharo
1139 508 1395 567 bellariis
1429 528 1641 587 magna
1672 505 1748 564 sit
1781 504 2029 563 utilitas.

1112 720 1430 777 ALFARUS.

502 839 790 919 Expertia
830 839 965 899 fidei
1013 861 1230 899 narras,
1282 841 1393 898 Sed
1438 860 1570 918 quae
1607 850 1749 896 sunt
1780 837 1893 894 illae
1925 848 2120 894 vestes

413 939 534 984 tam
567 923 728 996 albae,
765 923 1013 982 diversis
1046 925 1194 982 adeo
1227 923 1530 982 coloribus
1563 920 1836 979 variatae?

1127 1045 1428 1102 ZAMoRA.

499 1167 724 1247 Nagiie,
750 1167 1001 1247 git'ipiles,
1033 1168 1356 1226 mulierum
1385 1165 1717 1224 indicarum
1747 1164 2121 1236 indumenta,

417 1265 475 1310 et
505 1251 614 1310 alia
639 1273 771 1331 quae
795 1251 938 1309 v1ris
965 1272 1075 1331 pro
1102 1251 1274 1331 paliis
1302 1264 1473 1320 sunt3
1511 1250 1791 1329 pleraque
1817 1269 1886 1305 ex
1916 1269 2126 1327 gossy-

417 1335 541 1416 pio,
580 1356 717 1394 nam
749 1335 963 1394 viliora
994 1348 1281 1394 texuntur
1313 1356 1383 1393 ex
1418 1353 1640 1412 nequen,
1687 1332 1789 1389 filo
1833 1331 2124 1411 magucio.

1115 1564 1435 1620 ALFARUS.

507 1683 739 1742 Cuncta
760 1697 903 1742 sunt
924 1697 981 1742 et
1004 1684 1250 1742 nomine
1271 1697 1328 1741 et
1350 1705 1408 1740 re
1429 1683 1664 1741 diversa
1685 1696 1741 1740 et
1759 1704 1892 1762 quae
1914 1682 2129 1741 merito

425 1767 636 1839 Novo,
690 1767 749 1824 in
795 1789 917 1847 quo
957 1781 1101 1825 sunt
1145 1782 1299 1839 nata,
1351 1766 1502 1824 Orbi
1548 1769 1964 1845 respondeant.
2017 1767 2130 1825 Sed

421 1872 645 1932 quaeSO,
671 1865 880 1931 praeter
918 1852 1049 1923 hoc,
1092 1865 1259 1908 estne
1295 1851 1459 1908 aliud
1495 1850 1721 1908 Mexici
1760 1850 2129 1930 emporium?

1135 2055 1436 2114 ZAMORA.

512 2180 659 2238 Duo
692 2179 822 2252 alia,
859 2180 1111 2237 alterum
1147 2180 1219 2238 ad
1246 2180 1458 2238 divum
1491 2179 1941 2259 Hyppolitum,
1970 2193 2027 2237 et
2051 2179 2131 2237 al-

427 2277 620 2322 terum
645 2264 718 2322 ad
743 2277 1012 2322 sanctum
1034 2263 1352 2338 Jacobum,
1370 2264 1536 2342 quod
1559 2264 1630 2320 ab
1654 2264 1782 2335 hoc,
1800 2263 1893 2321 cui
1910 2284 2131 2321 nomen

425 2361 514 2406 est
546 2347 725 2406 divus
756 2348 1046 2422 JoanneS,
1092 2368 1195 2426 per
1236 2346 1485 2404 milliare
1526 2360 1582 2404 et
1621 2369 1690 2404 eo
1722 2347 1980 2426 amplius
2014 2346 2133 2404 dis-

415 2430 713 2512 jungitur,
751 2430 1150 2510 amplitudine
1183 2443 1346 2488 tanta
1380 2430 1438 2486 in
1473 2431 1821 2509 quadratam
1858 2430 2127 2509 figuram,

427 2527 498 2573 ut
540 2516 959 2573 construendae
999 2513 1133 2572 urbi
1177 2514 1342 2571 locus
1388 2535 1508 2571 non
1554 2514 1632 2571 sit
1670 2527 1979 2592 angustus,
2028 2513 2133 2571 Ad

429 2598 934 2677 Septentrionem,
971 2597 1139 2676 quod
1173 2609 1455 2675 quartum
1492 2595 1645 2653 latus
1671 2596 1914 2667 claudit,
1947 2596 2133 2653 Fran-

426 2681 799 2740 ciscanorum
845 2680 1116 2760 positum
1163 2692 1252 2736 est
1295 2679 1750 2750 monasterium,
1798 2693 1856 2736 et
1898 2679 1958 2736 in
1999 2679 2133 2758 ipso

430 2764 718 2823 indorum
751 2763 1092 2844 collegium,
1129 2762 1233 2842 qui
1261 2762 1442 2819 latine
1468 2762 1633 2842 loqui
1661 2777 1719 2820 et
1744 2762 1992 2820 scribere
2025 2764 2133 2821 do-

427 2861 656 2906 centur.
702 2847 1076 2927 Magistrum
1099 2846 1317 2903 habent
1335 2846 1598 2926 ejusdem
1624 2845 1905 2918 nationis,
1930 2847 2133 2904 Anto-

430 2931 600 2988 nium
630 2931 1039 3002 Valerianum,
1076 2929 1296 2987 nostris
1325 2929 1724 3008 grammaticis
1755 2949 2131 3009 nequaquam

429 3012 793 3085 inferiorem,
847 3014 907 3071 in
958 3012 1103 3092 legis
1151 3012 1481 3071 christianae
1531 3013 1950 3071 observatione
1994 3011 2134 3070 satis

433 3097 682 3155 doctum
710 3112 768 3155 et
791 3099 864 3156 ad
891 3096 1293 3176 eloquentiam
1322 3095 1761 3154 avidissimum.
1815 3096 1868 3153 E
1897 3095 2136 3174 regione

434 3182 784 3238 eorumdem
826 3179 1240 3261 gubernatoris
1284 3199 1464 3258 quem
1508 3179 1620 3259 ipsi
1652 3182 1864 3258 cacique
1894 3191 2131 3250 vocant,

433 3264 848 3342 permagnifice
879 3277 1080 3322 erectae
1111 3277 1253 3322 sunt
1282 3264 1455 3334 aedeS,
1486 3264 1710 3342 quibus
1736 3263 1990 3320 adhaeret
2015 3282 2135 3319 car-

435 3364 640 3414 cer,1n
674 3367 873 3424 quem,
910 3368 1044 3405 cum
1079 3360 1341 3426 peccant,
1377 3347 1782 3406 detruduntur
1819 3344 1962 3403 indi.
2017 3345 2135 3402 Re-
