2268 4003
434 343 530 375 xxx
1153 324 1409 370 Apfixmess.

433 475 531 515 nes,
556 475 586 520 y
613 458 704 520 oy6
732 455 930 516 teologia
954 466 1109 501 cuatro
1135 462 1264 510 afros,
1291 455 1331 500 al
1357 454 1419 501 fin
1445 453 1501 500 de
1536 453 1604 500 los
1632 452 1779 500 cuales
1806 470 1852 500 se
1877 453 2048 516 gradu6
2074 454 2132 502 de

434 524 676 578 bachiller,
702 540 732 585 y
757 521 949 584 despues
975 521 1031 567 de
1057 521 1315 568 licenciado
1341 539 1371 584 y
1396 521 1578 576 doctor,
1598 520 1882 568 habiendose
1901 521 2131 582 graduado

434 595 459 638 εἲ
483 592 552 639 los
578 589 835 652 principios
861 588 917 634 de
943 587 1168 635 bachiller
1194 605 1252 634 en
1278 590 1494 643 canones,
1517 604 1604 650 por
1624 588 1845 634 remision
1872 587 1928 634 de
1956 605 2132 636 cursos.

437 659 499 705 Es
524 658 675 716 amigo
701 654 758 700 de
784 671 871 718 que
898 654 939 701 le
967 656 1101 716 oigan
1134 673 1165 718 y
1198 654 1378 711 alaben,
1412 673 1442 717 y
1475 654 1681 715 agrssdale
1713 655 1755 700 la
1788 655 1973 717 lisonja:
2007 667 2053 701 e's
2079 655 2135 701 li-

434 725 569 772 viano
595 740 626 784 y
650 721 885 777 mudable‚
912 739 943 785 y
968 739 1028 769 no
1055 725 1148 769 esta't
1174 722 1282 769 bien
1307 722 1568 768 acreditado
1589 720 1645 767 de
1665 720 1862 768 honesto
1888 738 1919 784 y
1942 733 2084 777 casto,
2103 739 2134 785 y

434 807 480 837 es
506 789 761 836 ambicioso
787 788 844 835 de
870 789 1035 844 honra,
1060 807 1090 852 y
1117 789 1387 852 persuddese
1415 805 1502 851 que
1528 788 1587 834 ha
1612 787 1668 834 de
1694 804 1765 834 ser
1792 787 1977 851 obispo,
1998 788 2134 835 sobre

435 857 482 904 10
509 856 607 904 cual
633 856 675 902 le
701 855 792 902 han
818 856 970 902 hecho
997 856 1180 917 algunas
1206 856 1372 903 borlas.
1425 856 1508 902 Ha
1532 855 1649 901 doce
1675 862 1786 901 aiios
1813 871 1900 918 que
1928 871 1973 901 es
1995 857 2133 902 03ηὸ-

435 924 570 985 nigo:
598 939 659 969 no
686 939 732 969 es
756 922 871 968 nada
897 923 1199 978 eclesiastico,
1228 924 1274 969 ni
1301 922 1498 969 hombre
1533 939 1640 985 para
1675 921 2033 968 encomendarle
2057 938 2136 968 ne-

435 991 612 1052 gocios.
629 1009 652 1036 »

495 1076 693 1131 (Relacion
715 1076 756 1114 de
776 1076 825 1114 los
840 1076 985 1128 clc'rigos
1005 1091 1070 1129 que
1091 1078 1161 1129 hay
1181 1091 1223 1113 en
1244 1077 1283 1114 la
1300 1077 1414 1114 Sama
1436 1077 1609 1128 Iglcsiay
1629 1075 1886 1127 Arzobispado
1907 1075 1949 1114 de
1971 1077 2137 1124 bet'm,

430 1143 499 1185 por
520 1134 554 1171 el
569 1131 758 1183 arzobispo
786 1133 837 1171 D.
862 1134 993 1170 szzo
1015 1134 1148 1171 ΜοΥΑ
1168 1146 1218 1170 m:
1240 1134 1492 1181 CONTRERAs‚
1523 1131 1686 1183 dirigida
1715 1134 1739 1169 ά
1769 1133 1808 1173 S.
1841 1133 1923 1181 M.‚
1944 1146 1974 1184 y
1998 1141 2069 1184 por
2098 1146 2137 1169 su

435 1188 611 1226 mandado
633 1189 744 1226 hecha
764 1187 1076 1226 rcservadamente
1105 1190 1129 1225 ά
1158 1199 1212 1237 24
1239 1187 1279 1225 de
1301 1190 1444 1226 Marzo
1474 1187 1516 1225 de
1549 1198 1667 1239 1575.
1703 1189 1794 1226 MS.
1824 1188 1999 1237 original.
2032 1189 2139 1226 Nota

436 1244 685 1283 comunicada
706 1257 771 1294 por
793 1246 827 1281 el
848 1245 906 1282 Sr.
932 1245 982 1282 D.
1006 1244 1202 1282 Francisco
1224 1244 1420 1282 Gonzalez
1438 1245 1482 1281 de
1495 1245 1614 1292 Vera,
1636 1245 1680 1281 de
1698 1244 1835 1281 Alcalzi
1855 1245 1900 1281 de
1922 1241 2134 1297 Henares.)

1232 1380 1352 1428 VII.

507 1509 531 1534 (c
600 1487 747 1535 uando
774 1487 815 1533 el
844 1488 947 1551 Rey
969 1488 1148 1535 nuestro
1174 1487 1308 1535 sefior
1334 1488 1446 1534 Don
1468 1487 1630 1550 Felipe
1651 1487 1700 1533 II
1723 1487 1805 1548 (de
1824 1488 2020 1548 gloriosa
2040 1503 2141 1534 me-

441 1556 612 1617 moria)
638 1571 713 1601 me
750 1554 885 1601 mado
920 1555 1112 1601 escreuir
1145 1555 1231 1602 esta
1264 1555 1446 1616 general
1481 1555 1684 1610 historia,
1720 1554 1896 1601 orden&
1932 1559 1960 1617 q
1987 1555 2030 1601 se
2065 1570 2140 1600 me

440 1622 609 1669 dieffen
634 1622 706 1668 los
732 1622 918 1684 papeles
945 1626 974 1684 (ἶ
1001 1623 1098 1668 auia
1124 1639 1181 1668 en
1201 1622 1247 1668 su
1270 1622 1386 1668 Real
1413 1639 1607 1677 camara,
1629 1639 1658 1684 y
1679 1638 1737 1667 en
1757 1621 1798 1668 la
1821 1621 2141 1683 Guardajoyas

443 1725 481 1738 ..
498 1726 508 1737 .
526 1725 537 1736 .
559 1688 624 1735 Vi
652 1688 857 1735 tffmbien
883 1691 1048 1735 treinta
1074 1707 1104 1752 y
1129 1689 1211 1736 dos
1237 1689 1484 1750 fragmetos
1519 1688 1821 1735 manuscritos
1848 1689 1872 1734 ἓ
1898 1688 2138 1751 impreffos

407 1814 410 1816 Ι
441 1756 498 1802 de
524 1756 728 1803 diuersos
754 1767 931 1803 autores
939 1791 1091 1802 ......
1129 1774 1159 1818 y
1195 1756 1258 1802 las
1283 1757 1529 1803 memorias
1555 1756 1629 1802 del
1657 1755 1838 1802 Βοξὶοι·
1866 1755 2140 1811 Ceruantes,

442 1822 578 1870 Dean
603 1823 660 1869 de
687 1823 727 1868 13
753 1823 872 1869 santa
898 1822 1063 1884 Iglesia
1088 1822 1145 1869 de
1173 1823 1389 1879 Mexico,
1414 1829 1521 1871 vat-6
1549 1823 1744 1885 diligete
1771 1841 1802 1886 y
1828 1822 2064 1870 erudito.»

500 1909 715 1963 (ANTONIO
736 1923 786 1947 DE
807 1911 1020 1958 HERRERA,
1042 1910 1208 1947 Historia
1232 1910 1393 1948 Gcncral
1416 1908 1457 1947 de
1483 1910 1533 1948 los
1554 1911 1691 1948 Hechos
1718 1909 1759 1948 de
1786 1910 1836 1948 los
1860 1909 2076 1949 castellanos
2099 1923 2141 1947 en

442 1966 497 2003 las
529 1965 660 2017 Islasy
688 1966 815 2002 Tierra
846 1966 966 2003 Firme
997 1964 1057 2002 del
1083 1967 1183 2003 Mar
1217 1967 1363 2014 Oceano,
1391 1966 1562 2015 Madrid,
1588 1967 1708 2016 1601,
1734 1967 1853 2018 1615,
1875 1977 1903 2014 4
1922 1974 2035 2005 totns,
2058 1964 2141 2014 fol„

443 2021 537 2059 Dec.
559 2022 637 2069 VI,
658 2021 725 2060 lib.
750 2034 785 2072 3,
807 2034 887 2071 cap.
915 2032 977 2071 19.
999 2022 1068 2058 ·En
1088 2023 1125 2059 la
1143 2022 1227 2059 lista
1249 2024 1293 2059 de
1315 2023 1419 2059 “Les
1443 2023 1600 2060 Autores
1629 2024 1793 2074 impresos
1812 2036 1842 2074 y
1873 2021 1915 2059 de
1944 2035 2045 2059 mano
2077 2035 2143 2073 que

442 2078 554 2114 “Itan
575 2078 694 2114 eser-ito
715 2090 808 2113 cosas
821 2076 1064 2127 particulares
1083 2075 1124 2113 de
1144 2077 1199 2114 las
1221 2076 1348 2115 Indias
1373 2077 1657 2127 Occidentales‚'‘
1687 2087 1814 2128 puesta
1841 2080 1876 2116 al
1895 2077 2021 2116 frente
2041 2078 2086 2115 de
2106 2079 2143 2114 la

442 2133 547 2182 obra‚
564 2141 694 2170 consta
716 2132 807 2170 “El
824 2133 930 2169 Dean
957 2132 1213 2183 Ccruantes.”)

1221 2268 1372 2316 VIII.

509 2371 735 2419 «Diosele
761 2372 802 2418 13
831 2371 1063 2419 Cathedra
1071 2409 1159 2420 .....
1188 2373 1244 2420 de
1272 2374 1547 2428 Rhetorica,
1584 2374 1624 2420 al
1661 2374 1792 2425 Licso
1818 2372 2063 2420 Francisco
2088 2372 2146 2420 de

445 2438 754 2485 Ceruantes.»
781 2439 1028 2503 (Prologo,
1055 2438 1095 2503 ἽῘ
1121 2440 1197 2502 6.)
1235 2441 1314 2486 «Y
1338 2443 1362 2486 3
1385 2456 1428 2502 3.
1451 2440 1508 2487 de
1529 2441 1668 2488 Iunio
1691 2441 1833 2487 inicio
1855 2440 1923 2486 los
1948 2439 2145 2487 estudios

443 2521 532 2552 con
559 2506 769 2551 Oracion
790 2506 832 2551 el
853 2506 1134 2553 Licenciado
1155 2507 1398 2553 Francisco
1419 2507 1475 2554 de
1497 2507 1768 2554 Ceruantes.
1784 2526 1806 2551 »
1847 2506 1982 2568 (Ib.,
2019 2510 2143 2572 vto.)

443 2571 537 2618 «El
563 2571 637 2618 dia
661 2571 879 2632 figuiente
910 2589 986 2620 22.
1014 2573 1070 2619 de
1097 2573 1241 2629 Iulio,
1275 2573 1331 2620 de
1365 2573 1505 2620 dicho
1537 2582 1625 2621 3ῇο
1653 2573 1836 2636 (1553)
1865 2574 1966 2637 (fue
1992 2573 2143 2622 electo

443 2638 734 2699 consiliario)
768 2639 809 2685 el
838 2639 1118 2686 Licenciado
1143 2640 1387 2687 Francisco
1421 2640 1477 2687 de
1510 2641 1782 2697 Ceruantes,
1811 2640 2143 2688 Cathedratico

443 2705 500 2752 de
528 2705 836 2752 Rhetorica.»
863 2706 993 2767 (Ib.,
1020 2706 1103 2753 fol.
1131 2711 1257 2773 seq.)

501 2790 519 2845 (
530 2793 712 2830 Estatutos
720 2805 751 2843 y
776 2793 1043 2831 Constituciones
1063 2792 1189 2831 Reales
1209 2793 1250 2830 de
1270 2794 1308 2830 la
1331 2793 1509 2845 Imperial
1515 2808 1545 2846 y
1568 2795 1684 2846 Regia
1713 2793 1972 2833 Universidad
1987 2793 2029 2832 de
2051 2795 2141 2832 Μέ-

443 2848 537 2897 xico,
561 2848 732 2896 Μὲκὶεο,
759 2848 878 2897 1668,
901 2847 988 2901 fol.)

1246 2982 1337 3030 IX.

511 3086 811 3133 «Franciscus
840 3086 1092 3134 Cervantes
1118 3086 1173 3134 de
1199 3087 1394 3143 Salazar,
1422 3087 1574 3134 nescio
1602 3089 1702 3152 quis
1728 3099 1802 3134 aut
1832 3087 1953 3134 unde
1980 3087 2141 3135 oriun-

446 3150 546 3206 dus,
572 3152 794 3215 inscripfit
819 3152 861 3199 se
887 3155 1119 3201 auftorem
1146 3155 1186 3201 ei
1214 3154 1353 3210 libro,
1382 3171 1518 3218 quem
1545 3156 1703 3216 vulgus
1729 3155 1854 3211 terit,
1871 3171 2069 3218 nempe:

511 3254 535 3280 «
554 3236 703 3282 Obras
728 3255 808 3299 que
836 3240 1065 3300 Francisco
1099 3241 1343 3288 Cervantes
1368 3240 1420 3286 de
1447 3242 1646 3288 Salazar
1672 3240 1730 3287 ha
1749 3240 1899 3296 hecha,
1919 3241 2094 3303 glqsado
2104 3258 2138 3304 y

446 3302 693 3349 traducido.
733 3303 860 3351 Haec
885 3305 1082 3353 scilicet:

511 3369 735 3431 «Apologo
761 3371 812 3416 de
837 3372 882 3417 la
915 3373 1187 3435 Ocisiodady
1214 3375 1260 3420 el
1290 3375 1497 3438 Trabqjo,
1526 3375 1765 3422 intitulado
1792 3375 1998 3422 Labricio
2020 3377 2135 3422 Por-
