2268 4003
380 317 472 365 272
993 310 1230 341 DIALOGUS
1258 308 1479 340 TERTIUS.

376 455 563 531 gnum
609 451 791 511 quam
834 430 993 487 hunc
1037 428 1266 487 fontem
1313 427 1457 487 vidi.
1531 428 1605 485 In
1648 426 1779 507 ipso
1828 449 2087 509 namque

379 521 668 597 ingreSSU‚
706 512 1000 571 continuo
1034 525 1091 570 et
1124 512 1333 570 oculos
1365 524 1424 569 et
1456 510 1727 568 animum
1764 511 1909 569 mira
1942 534 2088 592 qua-

380 603 514 660 dam
548 613 605 657 et
643 619 834 677 prope
875 595 1206 654 incredibili
1239 595 1552 675 voluptate
1583 594 1768 673 pavit,
1806 595 2089 654 recreavit

381 698 439 742 et
478 681 696 740 refecit.
760 681 962 757 Quam
1005 693 1092 738 est
1134 701 1346 759 magna
1385 692 1443 736 et
1484 679 1598 736 late
1641 677 1860 736 diffusa
1901 677 2089 737 fontis

380 764 752 845 amplitudo!
792 777 1016 843 quanta
1048 764 1314 844 ejusdem
1348 762 1628 832 altitudO,
1666 775 1734 819 ut
1770 762 1975 821 multis
2004 763 2092 830 lo-

384 851 466 909 cis
499 849 698 907 solum
732 847 912 906 desit!
982 848 1166 906 Plane
1204 861 1260 905 et
1302 867 1505 926 capere
1537 860 1593 903 et
1626 845 1920 903 sustinere
1951 867 2091 903 one-

385 933 596 992 rariam
632 931 832 989 navim
867 944 1083 1010 potest.
1133 932 1315 989 Adde
1346 942 1586 1007 aspectu
1620 950 1800 1008 quam
1835 928 1912 986 sit
1942 950 2094 1009 aqua

384 1015 765 1087 translucida,
802 1029 871 1072 ut
904 1014 1038 1072 hinc
1069 1013 1234 1072 facile
1265 1013 1462 1093 possis
1497 1013 1556 1070 in
1591 1026 1750 1070 tanta
1776 1010 2095 1092 profundi-

386 1114 506 1159 tate
527 1099 838 1180 scrupulos
862 1097 1166 1177 inspicere.
1205 1099 1366 1155 Potu
1393 1117 1512 1154 non
1536 1109 1623 1154 est
1647 1095 1848 1154 minus
1872 1095 2090 1155 suaviS.

1096 1408 1396 1466 ZAMORA.

480 1552 660 1610 Mille
681 1552 864 1611 trahit
887 1551 1080 1610 varios
1104 1551 1348 1610 feriente
1374 1553 1498 1610 sole
1525 1564 1582 1609 et
1608 1550 2098 1610 inumbrantibus

392 1637 704 1696 arboribus
739 1637 997 1707 colores;
1039 1658 1099 1694 ac
1132 1636 1420 1715 quoniam
1457 1657 1578 1693 non
1611 1636 1813 1692 eadem
1847 1649 1935 1692 est
1967 1634 2100 1693 ubi-

394 1742 508 1801 que
541 1742 707 1800 aquae
737 1720 1014 1792 altitudo,
1053 1720 1284 1777 lucente
1316 1720 1440 1777 sole
1474 1719 1677 1777 multae
1703 1719 1984 1798 miraeque
2010 1719 2101 1777 in-

394 1818 490 1862 tus
523 1804 743 1883 species
779 1825 972 1861 rerum
1003 1804 1282 1876 eduntur,
1313 1803 1532 1883 quibus
1563 1803 1746 1883 magis
1774 1824 1954 1883 quam
1986 1802 2100 1861 Iris

395 1903 675 1946 variatur.

1113 2031 1390 2088 ZUAzus.

482 2155 778 2213 Sedilibus
812 2176 880 2211 ex
911 2153 1103 2233 lapide
1135 2167 1192 2211 et
1223 2153 1373 2211 calce
1406 2154 1478 2211 ad
1512 2152 1760 2232 parietes
1794 2153 2104 2233 undequa-

397 2261 512 2321 que
552 2238 843 2296 ambitur:
892 2259 922 2295 a
963 2236 1272 2317 fontisque
1314 2236 1577 2317 margine
1619 2238 1701 2295 ad
1739 2237 1864 2317 ipsa
1911 2258 2105 2317 usque

398 2322 590 2402 spatia
621 2344 788 2401 aequa
822 2321 1187 2401 interjacent,
1225 2342 1329 2399 per
1363 2342 1495 2401 quae
1526 2320 1650 2378 bini
1684 2335 1787 2379 aut
1820 2320 1971 2378 terni
1997 2321 2105 2380 ho-

399 2407 588 2464 mines
623 2405 1002 2464 deambulare
1034 2405 1290 2484 possint.

1096 2551 1414 2608 ALFARUS.

487 2684 650 2741 Illud
678 2695 745 2740 ut
771 2695 1062 2761 congruat
1087 2681 1317 2776 optima
1343 2680 1642 2760 navigatio
1666 2681 1839 2760 juxta
1868 2694 2102 2755 terram,

400 2781 457 2828 et
504 2767 734 2847 optima
782 2765 1188 2824 deambulatio
1225 2766 1400 2845 juxta
1447 2785 1631 2822 mare.
1713 2763 2106 2823 Occidentem

400 2873 629 2922 verSUS‚
656 2864 759 2907 aut
779 2870 986 2929 pr‚ope
1015 2848 1274 2927 primum
1299 2848 1565 2927 porticus
1586 2861 1674 2906 est
1696 2869 1764 2906 ex
1789 2869 2101 2922 marmore,

402 2956 523 2993 non
566 2933 772 3014 p1ocul
817 2955 846 2990 a
886 2931 1070 2990 fontis
1114 2932 1403 3011 margine.
1448 2931 1662 2990 deinde
1695 2953 1871 3011 supra
1906 2931 2105 3011 ipsum

401 3016 700 3076 incumbit
733 3015 1039 3087 solarium,
1077 3015 1365 3073 cubiculis
1404 3015 1881 3095 elegantissimiS,
1916 3014 2107 3073 conti-

401 3122 611 3180 guum,
658 3122 727 3158 ex
767 3099 987 3180 quibus
1029 3098 1088 3156 in
1130 3097 1359 3156 fontem
1402 3098 1796 3156 suavissimus
1838 3113 1926 3156 est
1966 3120 2105 3156 con—

404 3199 656 3262 spectus.
711 3183 1012 3262 Denique,
1049 3181 1128 3239 sic
1161 3197 1366 3240 natura
1399 3197 1455 3239 et
1487 3197 1607 3240 arte
1638 3181 1773 3239 fons
1801 3203 2104 3240 commen-

405 3267 597 3337 datur,
651 3281 720 3323 ut
770 3288 962 3346 neque
1019 3265 1313 3337 Chabura,
1369 3287 1560 3345 neque
1611 3265 1860 3336 Ciffusa,
1915 3286 2105 3345 neque

405 3348 753 3427 Aganippe,
806 3362 909 3407 aut
952 3349 1241 3408 Clitorius
1291 3347 1486 3407 fontes
1536 3349 1895 3428 scriptorum
1939 3347 2104 3406 testi-
