2268 4003
851 297 1104 342 Amssxmcis.
1713 313 1826 342 xxxx

141 439 241 475 tuno
265 427 378 490 (sic)
400 438 483 487 por
502 427 548 471 cl
564 428 870 473 protonotario
894 429 998 474 Lais
1023 428 1204 481 Mexia,
1219 427 1424 489 glosoley
1447 427 1661 473 declar-ol.-
1684 430 1830 474 Fran-

141 494 242 554 cf'sco
273 494 536 539 Cervantes.

207 560 432 619 «Dialogo
467 558 518 604 de
550 559 596 603 la
633 559 848 619 d1gnidad
876 560 952 606 dcl
973 559 1150 605 hombre
1183 559 1416 621 empczado
1446 571 1529 622 por
1561 562 1609 607 el
1634 562 1833 622 Maestro

148 627 317 674 Oliva:
345 640 481 687 quem
507 626 661 671 auctor
687 626 898 687 perfecit.

205 693 305 738 «La
344 691 646 737 Introduction
682 709 702 737 0
745 693 923 739 Camino
952 704 1071 753 para
1105 692 1151 737 la
1172 691 1434 750 sabiduria,
1461 693 1512 738 dc
1541 694 1645 739 Lnis
1675 693 1831 740 Vives.

142 758 383 820 Compluti
410 774 466 803 ex
494 757 673 804 officina
702 757 892 818 Joannis
929 759 1097 804 Brocar
1133 774 1252 804 anno
1286 758 1427 820 1546.
1464 775 1510 820 4.
1562 760 1834 806 Ambrofius

141 824 326 889 quidem
357 823 582 880 Morales‚
610 826 679 870 vir
696 824 873 885 judicio
905 824 1206 888 undequaque
1241 840 1293 869 ac
1327 824 1579 886 praesertim
1615 826 1748 872 rebus
1787 827 1834 872 in

139 891 297 938 nostris
322 890 592 951 graviffirno,
620 892 760 937 multa
777 908 834 938 ex
853 892 924 937 his
946 908 1047 954 quae
1072 891 1324 937 Cervantes
1344 891 1488 937 edidit
1517 892 1622 938 talia
1648 893 1733 939 effe
1753 894 1834 948 ait,

138 959 186 1004 in
213 957 374 1020 quibus
411 957 755 1019 disciplinarum
793 958 1002 1004 difficiles
1040 958 1248 1021 plerique
1286 957 1376 1003 loci
1414 971 1585 1020 praeter
1623 959 1748 1021 spem
1776 959 1837 1005 fic

137 1023 374 1086 perspicue
400 1036 533 1085 atque
559 1036 665 1086 apte
692 1037 957 1079 tractantur,
992 1037 1040 1070 ut
1072 1041 1159 1070 nec
1191 1040 1380 1070 veneres
1401 1025 1832 1089 jucunditatemque

139 1090 357 1137 sermonis
390 1089 642 1137 desiderare
669 1091 904 1155 quisquam
933 1091 1089 1153 possit.
1127 1091 1289 1153 Ipsum
1317 1090 1495 1147 videsis,
1522 1093 1568 1138 in
1597 1092 1835 1155 opusculo,

142 1156 264 1221 quod
285 1156 540 1217 Discursum
559 1159 799 1204 vernacule
817 1158 1169 1220 indigitavitpro
1189 1159 1342 1219 lingua
1360 1159 1619 1220 Hispanica.

206 1222 528 1270 «ANONYMUS
556 1241 613 1271 DE
641 1225 948 1279 CERVANTES,
976 1224 1150 1287 scripsit
1176 1224 1407 1271 historiam
1435 1225 1690 1281 Indiarum,
1713 1227 1837 1288 cujus

141 1290 408 1352 exemplum
435 1290 518 1336 fuit
544 1292 590 1336 in
617 1291 900 1337 bibliotheca
927 1290 1223 1346 Olivarienfi,
1256 1292 1320 1337 uti
1354 1307 1411 1337 ex
1439 1293 1530 1352 ejus
1558 1305 1738 1339 constat
1763 1309 1839 1338 ca-

142 1356 312 1417 talogo,
339 1356 399 1402 fic
423 1357 710 1418 inscriptum,
739 1359 786 1404 in
812 1358 953 1404 folio:

207 1441 231 1468 «
250 1425 435 1469 Cronica
460 1424 511 1469 de
542 1425 788 1471 Cervantes
813 1424 864 1470 de
889 1425 956 1471 las
985 1423 1153 1470 Indlas.
1169 1443 1192 1469 »

200 1507 320 1563 (N1c.
351 1511 541 1548 ANTONH
572 1509 796 1548 Bibliotheca
826 1512 997 1562 Hispana
1028 1511 1172 1558 Nova,
1204 1511 1361 1558 Romae,
1397 1511 1514 1559 1672.
1557 1510 1680 1548 Editio
1709 1512 1841 1558 altera,

144 1565 310 1614 matriti,
333 1566 584 1617 1783-1788,
616 1579 640 1605 2
661 1576 784 1605 tomos
805 1580 852 1604 en
875 1566 978 1616 folio,
1000 1568 1075 1604 vol.
1091 1566 1125 1614 1,
1149 1566 1232 1616 pag.
1256 1576 1363 1616 4143
1385 1568 1460 1604 vol.
1486 1567 1541 1615 11,
1562 1567 1645 1616 pag.
1671 1566 1782 1618 340.)

956 1725 1018 1773 X.

211 1856 388 1903 «DEAN
418 1856 723 1903 CERVANTES.
768 1856 940 1903 P6nele
961 1857 1172 1903 Antonio
1200 1856 1256 1902 de
1278 1855 1486 1902 Herrera
1513 1868 1642 1902 entre
1665 1855 1733 1902 los
1756 1855 1846 1901 his.

146 1923 396 1971 toriadores
421 1923 476 1970 de
501 1923 678 1979 IndiaS‚
704 1923 760 1970 de
787 1924 833 1970 lo
861 1940 949 1987 que
976 1923 1167 1971 escrivio
1194 1939 1253 1969 no
1282 1923 1405 1969 hallo
1433 1923 1706 1969 memoria.»

205 2008 419 2063 (ANTon
441 2023 489 2047 m:
510 2011 638 2059 LEON‚
668 2011 830 2061 Epitome
850 2009 891 2047 de
911 2010 950 2047 la
971 2008 1168 2048 Biblioteca
1189 2008 1391 2060 Ονῐιεηῑαῖ)1
1418 2007 1624 2047 Occidental
1638 2009 1804 2046 Nautica
1817 2022 1846 2059 y

151 2065 372 2117 Geogrdfica‚
394 2066 562 2114 Madrid,
588 2066 706 2116 1629,
732 2077 748 2104 1
775 2075 880 2104 tomo
901 2079 949 2103 en
970 2065 1018 2114 4‘?
1036 2065 1051 2119 )
1585 2059 1590 2081 ¹

215 2149 408 2196 «Docr.
441 2150 750 2204 CERVANTES,
779 2148 1110 2195 Cathedratico
1145 2148 1200 2194 de
1236 2148 1276 2194 la
1304 2147 1613 2194 Univerfidad
1649 2146 1704 2192 de
1735 2147 1845 2192 Me-

149 2216 283 2262 xico:
319 2216 535 2262 Chronica
569 2217 620 2262 de
655 2217 719 2262 las
746 2216 917 2270 Indias,
956 2216 1033 2262 M.
1061 2216 1105 2262 S.
1136 2231 1182 2277 4.
1211 2214 1356 2260 estaba
1393 2231 1451 2260 en
1492 2214 1533 2259 la
1560 2214 1772 2259 Libreria
1798 2213 1850 2258 de

151 2283 321 2329 Barcia
348 2279 443 2329 con⁴
461 2298 574 2345 444.
603 2283 713 2344 oja3‚
738 2298 918 2345 aunque
945 2282 1050 2327 falta
1076 2281 1117 2327 al
1144 2282 1223 2336 fin,
1252 2298 1340 2327 con
1367 2281 1407 2326 la
1427 2280 1555 2326 firma
1573 2280 1628 2326 de
1657 2281 1709 2326 L.
1738 2280 1847 2326 Val-

149 2349 375 2404 derrama,
402 2351 540 2412 quien
567 2365 729 2411 parece
755 2348 822 2395 ser
847 2349 889 2394 el
920 2349 966 2394 V
961 2348 1142 2410 isttador
1160 2348 1210 2394 de
1230 2348 1275 2394 la
1297 2347 1543 2394 Audiencia
1561 2346 1612 2392 de
1636 2347 1841 2401 Mexico,·

150 2415 273 2462 fuera
296 2416 440 2462 estaba
459 2415 691 2462 rotulada:
727 2414 944 2461 Chronica
963 2414 1042 2461 del
1058 2416 1257 2476 Maestro
1284 2415 1555 2461 Cervantes:
1589 2413 1650 2459 Es
1672 2413 1712 2458 la
1735 2412 1845 2458 His-

150 2483 267 2528 toria
293 2482 348 2528 de
377 2482 540 2529 Nueva
568 2482 768 2544 Espafia,
796 2482 810 2528 i
837 2481 881 2528 su
910 2481 1180 2544 Conquista,
1201 2482 1213 2527 i
1235 2480 1400 2541 alguno
1422 2497 1509 2544 que
1532 2481 1710 2526 intento
1729 2479 1849 2542 apli-

150 2549 330 2604 carsela,
355 2549 732 2610 entrerrenglono
760 2548 821 2594 las
848 2561 997 2610 partes
1017 2547 1170 2594 donde
1191 2547 1233 2594 el
1255 2549 1402 2594 Antor
1418 2547 1610 2593 hablava
1631 2546 1687 2592 de
1712 2547 1770 2601 si,
1790 2562 1847 2592 en

152 2616 351 2677 primera
387 2616 594 2677 persona,
632 2614 936 2677 poniendolas
972 2631 1029 2661 en
1054 2625 1265 2670 -tercera‚
1305 2615 1370 2661 D.
1411 2614 1596 2660 Nicolizs
1636 2614 1844 2667 Antonio,

154 2692 254 2729 tom.
286 2698 330 2729 2.
342 2684 436 2744 fol.
470 2694 580 2743 275.
608 2682 710 2728 dice
736 2681 881 2728 estaba
900 2698 957 2728 en
984 2682 1025 2728 la
1052 2682 1261 2728 Libreria
1286 2681 1362 2728 del
1389 2681 1532 2727 Conde
1551 2681 1730 2742 Daque,
1759 2679 1843 2725 fol.

153 2749 239 2794 esta
265 2766 322 2794 en
348 2750 389 2795 la
414 2749 488 2795 del
516 2749 625 2804 Rei,
653 2765 709 2795 en
736 2764 822 2811 4.»
853 2748 990 2811 (Col.
1026 2749 1166 2812 599.)

218 2815 407 2863 «DocT.
432 2816 981 2871 CERVANTEs,descrivi6
1003 2815 1043 2861 la
1064 2814 1228 2862 ciudad
1248 2814 1304 2861 de
1325 2814 1541 2869 Mexico,
1561 2829 1618 2859 en
1636 2812 1680 2858 su
1709 2811 1849 2858 Chro-

153 2884 250 2928 nica
275 2882 325 2928 de
349 2884 415 2928 las
442 2883 614 2938 Indiam,
639 2882 721 2929 lib.
754 2898 797 2944 3.
826 2883 839 2928 i
867 2882 909 2928 se
934 2882 1098 2929 remite
1125 2884 1148 2928 a
1174 2882 1242 2928 los
1271 2882 1484 2942 Dialogos
1515 2896 1602 2943 que
1629 2878 1796 2924 afiadio
1822 2881 1847 2924 a

157 2949 262 2995 Luis
291 2949 444 3005 Vives,
465 2966 553 2996 con
573 2950 681 2995 estas
699 2949 935 2996 Palabras:
966 2948 1220 3009 Dqscrivile
1238 2951 1444 3002 interior,
1466 2950 1484 2993 i
1502 2948 1852 2993 exteriormente

156 3030 209 3060 en
235 3016 385 3071 Latin,
420 3032 471 3063 en
496 3033 601 3063 vnos
627 3017 839 3078 Dialogos
864 3031 944 3079 que
968 3016 1108 3062 anad}
1132 3016 1159 3061 Zz
1183 3016 1244 3061 los
1269 3015 1320 3060 de
1346 3015 1451 3060 Luis
1481 3014 1636 3067 Vives,
1662 3024 1747 3075 por
1764 3024 1846 3074 pa-

157 3096 348 3128 recerme
363 3098 444 3143 que
462 3099 540 3128 era
559 3100 710 3145 rafon,
731 3099 812 3146 que
823 3095 931 3145 pnes
957 3084 1004 3130 Υ
998 3101 1018 3129 ο
1038 3099 1115 3129 era
1137 3081 1358 3129 Morador
1377 3081 1428 3126 de
1445 3081 1533 3141 esta
1552 3082 1720 3140 insigne
1745 3081 1852 3126 Ciu-

157 3147 261 3203 dad,
288 3151 307 3193 i
335 3149 614 3196 Catedratico
639 3150 690 3196 de
699 3150 762 3210 sn
797 3149 1108 3212 Universidad,
1121 3148 1328 3211 supiesen
1360 3147 1411 3192 de
1444 3149 1522 3202 mi,
1556 3157 1659 3192 ante
1693 3163 1774 3208 que
1800 3146 1852 3192 de

155 3225 248 3260 otro
281 3215 326 3260 la
357 3215 589 3277 Grandefa
613 3233 644 3278 y
682 3216 1079 3278 Magestadsuia;
1115 3215 1241 3269 estas,
1278 3215 1292 3260 i
1328 3226 1446 3260 otras
1481 3213 1689 3276 palabras
1725 3213 1848 3259 tenia

159 3279 392 3336 borradas,
414 3281 455 3327 el
477 3298 563 3345 que
583 3285 698 3329 trato
724 3283 781 3330 de
801 3282 1016 3345 aplicarse
1037 3282 1122 3327 esta
1141 3281 1271 3336 obra,
1293 3297 1428 3327 como
1449 3279 1491 3326 se
1514 3280 1570 3326 ha
1592 3279 1850 3334 advertido,

159 3346 172 3392 i
199 3347 239 3392 al
265 3363 449 3409 margen
477 3348 587 3411 puso
613 3365 669 3395 en
695 3349 740 3396 su
761 3350 913 3411 lugat:
947 3348 1176 3410 Escrivelo
1196 3351 1287 3394 mui
1305 3348 1405 3394 bien
1425 3348 1471 3393 el
1489 3347 1619 3394 Βοέῗ.
1649 3348 1850 3393 Cervan-

1014 3449 1047 3486 d
