2268 4003
444 301 534 340 izo
1020 303 1260 336 D1ALoGus
1288 300 1545 333 SECUNDUS.

1131 464 1449 520 ALFARUS.

515 588 715 663 Quem
749 585 964 644 habent
997 585 1315 645 dominum
1348 585 1497 644 aedes
1528 582 1654 641 istae
1686 602 1940 661 quarum
1961 581 2131 641 facies
2178 608 2185 612 ·

440 685 604 728 tanta
636 671 957 749 majestate,
993 671 1161 750 quod
1194 669 1254 727 in
1286 668 1414 727 aliis
1456 689 1575 725 non
1617 665 2029 737 animadverti,
2066 687 2134 724 ex

440 768 600 812 secto
626 773 918 811 marmore
938 768 995 811 et
1019 754 1091 812 ad
1111 751 1602 833 perpendiculum
1625 749 1978 808 continuato
2004 769 2133 807 sur-

438 837 555 917 git?
605 836 1076 915 Amplissimum
1110 850 1197 895 est
1227 836 1467 907 atrium,
1509 848 1565 892 et
1608 832 1814 891 multis
1856 831 2033 890 etiam
2067 854 2136 890 ex

443 920 673 999 lapide,
693 942 824 999 quae
854 920 925 979 ad
953 920 1128 978 latera
1153 920 1420 1000 porticus
1446 917 1689 989 faciunt,
1719 915 2015 974 columnis
2042 937 2137 973 or-

444 1018 672 1062 natum.
748 1003 1013 1075 Hortus,
1066 1016 1134 1061 ut
1182 1015 1442 1083 apparet,
1487 1001 1626 1060 satis
1666 1019 1959 1072 amoenUS,
2001 998 2136 1057 hine

440 1085 790 1167 perspicuus
824 1086 908 1159 fit,
935 1087 1157 1168 januiS‚
1193 1100 1261 1144 ut
1294 1106 1468 1157 nunc,
1504 1082 1738 1164 apertis,

1150 1228 1449 1286 ZAMORA.

530 1350 836 1408 Dominus
886 1349 1001 1408 fuit
1050 1351 1261 1409 doctor
1314 1351 1549 1430 LupUS,
1585 1348 2033 1430 expertissimus
2083 1362 2140 1406 et

444 1433 781 1513 reipublicae
820 1456 941 1493 suae
978 1434 1134 1493 haud
1174 1455 1387 1514 parum
1420 1433 1585 1492 utilis
1619 1433 1899 1492 medicus,
1956 1433 2142 1491 Nunc

443 1516 712 1575 habitant
746 1517 914 1576 liberi
949 1540 1100 1598 quos
1135 1518 1395 1599 reliquit,
1431 1531 1488 1576 et
1522 1518 1750 1576 multos
1782 1530 1839 1576 et
1870 1539 1900 1575 a
1931 1538 2141 1597 paren-

444 1599 519 1657 tis
553 1600 850 1679 probitate
884 1601 1031 1659 nihil
1064 1602 1504 1682 degenerantes·

1138 1745 1456 1803 ALFARUS.

532 1886 677 1944 Non
711 1886 820 1945 erit
852 1886 1034 1967 igitur
1066 1909 1170 1945 cur
1203 1900 1430 1946 metuat
1455 1887 1631 1946 illud:
1671 1889 1770 1945 «O
1800 1887 2019 1946 domus
2041 1908 2141 1945 an-

446 1969 629 2050 tiqua,
666 1991 844 2050 quam
878 1970 1096 2050 dispari
1130 1971 1382 2030 domino
1416 1970 1819 2030 dominarisl»

1163 2202 1439 2262 ZUAzus.

531 2343 626 2402 Ut
656 2366 716 2403 se
745 2344 930 2424 aperit
961 2344 1078 2404 haec
1110 2368 1240 2427 quae
1271 2348 1344 2407 ad
1375 2347 1586 2407 divum
1623 2347 2019 2408 Dominicum
2045 2348 2142 2408 via

445 2428 628 2502 ducit,
665 2429 735 2486 ab
769 2429 946 2487 altera
976 2444 1139 2509 parte
1170 2430 1419 2490 aedificio
1455 2453 1574 2490 non
1608 2431 1919 2513 ignobilis!

1144 2576 1462 2635 ALFARUS.

531 2719 692 2776 Ante
723 2717 1042 2778 introitum
1068 2719 1134 2778 fit
1160 2721 1368 2800 platea,
1399 2720 1785 2802 superbaeque
1817 2721 1959 2782 satis
1981 2722 2138 2782 viam

447 2801 767 2860 terminant
798 2803 871 2861 ad
903 2817 1232 2884 utrumque
1266 2804 1419 2863 latus
1453 2805 1621 2864 aedeS.

1164 2934 1440 3005 Zquus.

536 3086 664 3146 Hic
694 3086 835 3146 siste
865 3088 1201 3167 paululum,
1237 3109 1300 3148 ac
1331 3089 1509 3149 unico
1553 3089 1780 3150 intuitu
1812 3090 1938 3151 vias
1970 3093 2137 3166 duaS,

449 3169 688 3229 alteram
722 3191 854 3252 quae
884 3172 956 3231 ad
987 3170 1186 3230 forum
1213 3172 1406 3232 tendit
1431 3187 1488 3232 et
1513 3195 1734 3233 nomen
1760 3174 1935 3234 habet
1963 3197 1995 3234 a
2023 3196 2137 3234 coe-

452 3252 655 3326 nobie,
685 3254 881 3312 omnis
906 3255 1132 3335 generis
1159 3255 1472 3336 opificibus
1499 3256 1791 3333 refertam,
1821 3271 1878 3318 et
1897 3260 2135 3318 alteram

453 3355 583 3414 quae
613 3337 686 3395 ad
717 3338 964 3398 vestales
996 3339 1179 3413 ducit,
1207 3341 1628 3421 contemplare.
