2268 4003
420 327 513 371 288
1039 337 1276 367 DxALoous
1302 336 1521 367 TER'rtUs.

416 458 494 515 ris
527 454 850 514 antecellit:
890 454 1071 533 digna
1103 455 1362 535 denique
1394 476 1526 535 quae
1566 475 1684 512 una
1723 476 1859 514 cum
1903 457 2126 516 Fortu-

416 539 568 597 natis
612 537 847 611 insulis,
893 538 972 595 ob
1013 539 1160 596 aeris
1204 540 1414 597 miram
1459 537 1830 618 temperiem,
1873 540 2128 620 coelique

415 621 808 694 clementiam,
830 622 1166 680 Fortunata
1187 623 1548 703 appelletur3
1575 643 1708 702 quae
1727 637 1837 681 ets1
1859 624 2128 683 callidior

413 705 573 777 alibi,
625 705 763 763 alibi
811 703 1084 785 frigidior
1131 706 1228 779 sit,
1282 707 1535 765 modum
1575 720 1772 763 tamen
1814 728 2123 797 nunquam

413 789 658 847 excedit.
712 788 995 847 Mexicus
1022 811 1164 848 vero
1192 812 1255 848 ea
1281 805 1368 849 est
1394 789 1695 870 temperie,
1733 804 1790 847 et
1822 812 2126 870 quaecum-

413 894 528 953 que
549 872 663 951 ipsi
685 873 953 953 adjacent
979 873 1222 953 oppida,
1254 890 1324 932 ut
1348 895 1636 953 exaequo
1639 872 1835 931 hieme
1868 895 2127 954 vereque

412 957 614 1014 eadem
648 972 812 1014 veste
837 970 894 1014 et
919 959 1131 1016 eodem
1155 957 1431 1016 cubiculo
1459 956 1548 1015 uti
1581 956 1795 1036 possis,
1843 957 1948 1015 Ad
1986 957 2126 1016 Me·

411 1039 870 1099 choacanensem
906 1040 1276 1120 provinciam
1305 1041 1552 1121 paludes
1580 1039 1776 1112 habet,
1806 1054 1864 1098 et
1898 1041 2126 1120 magni-

412 1122 641 1182 tudinis
691 1138 749 1182 et
796 1123 1134 1183 altitudinis
1185 1145 1352 1198 rarae,
1407 1124 1468 1182 in
1519 1123 1739 1204 quibus
1788 1145 1908 1182 non
1960 1146 2125 1183 secus

411 1228 589 1286 quam
641 1207 702 1264 in
753 1208 998 1266 Oceano
1046 1222 1428 1288 tempestates
1477 1207 1860 1267 oboriantur:
1913 1222 2126 1288 praeter

410 1290 586 1349 fidem
624 1291 872 1370 piscosae
903 1306 1064 1350 sunt.
1118 1291 1191 1350 In
1226 1306 1380 1365 tot0,
1419 1306 1633 1371 praeter
1667 1305 1886 1364 caetera,
1925 1292 2126 1351 Novae

412 1373 736 1468 Hispania:
767 1376 898 1433 solo
941 1375 1080 1456 equi
1123 1391 1449 1434 nascuntur
1489 1374 1952 1456 generosissimi,
1993 1396 2119 1456 per·

411 1456 668 1516 nicitatis
702 1458 892 1531 mirae,
930 1473 989 1517 et
1020 1458 1123 1540 qui
1161 1481 1470 1540 nunquam
1501 1480 1651 1540 pene
1683 1473 1786 1517 aut
1817 1481 1994 1518 culsu
2022 1472 2125 1518 aut

406 1542 734 1621 gradiendo
757 1541 1170 1624 defatigentur:
1198 1544 1256 1602 in
1281 1565 1518 1602 summa
1539 1543 1927 1637 elegantiores
1941 1564 2119 1624 quam

409 1624 528 1683 sint
561 1625 620 1683 in
660 1626 984 1705 Hispania.
1048 1627 1267 1686 Unum
1311 1642 1510 1686 tamen
1544 1628 1617 1685 ad
1657 1626 1949 1707 integram
1985 1648 2122 1707 pro-

408 1708 617 1767 vinciae
647 1708 986 1769 felicitatem
1015 1712 1195 1769 deest.

1106 2099 1425 2156 ALFARUS.

498 2223 773 2302 Ecquid?
817 2244 951 2281 nam
989 2223 1199 2282 vinum
1244 2239 1302 2282 et
1344 2225 1544 2282 oleum
1588 2225 1788 2282 solum
1825 2224 2115 2285 desidero.

1113 2430 1414 2489 ZAMORA.

494 2553 587 2611 Ut
621 2553 839 2612 scilicet
875 2553 1139 2626 Florida,
1176 2555 1247 2613 ad
1282 2576 1461 2634 quam
1501 2575 1605 2634 per
1644 2575 1803 2612 mare
1840 2553 2023 2612 facilis
2056 2569 2114 2612 et

406 2637 756 2695 brevissima
789 2637 1113 2717 navigatiO,
1151 2650 1302 2696 terra
1337 2660 1477 2696 vero
1513 2658 1705 2718 neque
1732 2638 1984 2718 longum
2013 2659 2112 2695 ne-

406 2742 520 2801 que
546 2721 783 2779 difficile
810 2721 920 2778 iter
945 2734 1052 2792 est,
1082 2721 1153 2778 ab
1181 2720 1446 2800 hispanis
1474 2720 1889 2793 debellaretur,
1916 2720 2111 2781 domi-

405 2825 675 2884 numque
710 2804 1003 2862 Caesarem
1038 2819 1398 2883 agnosceret.

1101 2929 1418 2988 ALFARUS.

490 3051 659 3128 Quid
692 3073 755 3109 ea
782 3073 851 3109 ex
878 3071 936 3109 re
961 3050 1272 3131 provincia
1298 3065 1493 3110 vestra
1518 3051 1825 3112 commodi
1853 3065 1912 3111 et
1943 3073 2107 3111 emo·

405 3134 658 3192 lumenti
693 3136 956 3215 caperet?

1110 3259 1410 3318 ZAMORA.

491 3381 864 3454 Plui·inmm;
895 3404 1029 3442 nam
1053 3404 1445 3463 quaecumque
1472 3382 1648 3443 habet
1674 3395 1846 3442 vetus
1873 3381 2104 3462 Hispa-

1862 3602 1943 3609 fx
