2268 4003
355 307 448 352 282
963 315 1202 346 omtocus
1229 313 1448 345 τεκτιυε.

347 439 736 499 Occidentem
763 436 938 514 longe
964 434 1197 514 lateque
1221 447 1429 513 patens
1450 432 1832 505 diffunditur,
1863 432 2057 491 indica

347 520 646 600 navigiola
686 539 824 576 cum
866 517 1092 576 retibus
1136 518 1210 575 ad
1250 516 1571 596 capiendos
1613 517 1818 595 pisceS,
1867 517 2058 575 multa
2111 589 2116 593 ι

345 605 556 663 ferens.
594 602 667 660 In
694 624 777 674 ea,
807 600 1224 681 promontoria
1249 601 1372 658 duo
1400 599 1553 658 inter
1581 599 1970 658 Occidentem
1998 613 2057 658 et

352 685 701 757 Meridiem,
738 685 967 744 ambitu
1002 699 1060 745 et
1093 683 1412 743 altitudine
1442 683 1934 764 praestantissima
1958 704 2057 741 na-

348 783 614 830 scuntur.

1062 912 1361 969 ZAMORA.

434 1035 508 1092 In
560 1035 745 1092 altero
794 1035 962 1113 quod
1013 1032 1293 1113 proprius
1346 1031 1565 1090 accedit
1614 1033 1686 1090 ad
1721 1032 2056 1105 Orientem,

348 1117 484 1176 fons
517 1131 606 1175 est
638 1132 929 1197 perpetuo
964 1117 1211 1189 calidUS,
1248 1115 1608 1195 perpulchro
1642 1129 1699 1173 et
1729 1117 1943 1174 eodem
1970 1138 2061 1174 ca-

349 1216 577 1260 merato
601 1201 849 1259 aedificio
876 1214 1205 1271 contectuS,
1232 1200 1464 1258 salubre
1486 1199 1735 1257 infirmis
1759 1200 2059 1257 balneum.

353 1285 427 1343 In
460 1285 646 1343 altero
681 1286 849 1364 quod
883 1285 955 1342 ad
989 1284 1295 1342 meridiem
1325 1282 1536 1363 vergit,
1569 1283 1863 1362 leporum,
1894 1282 2063 1341 cuni·
2093 1344 2096 1347 ,

349 1369 648 1440 culorum,
685 1389 1000 1426 cervorum
1035 1382 1093 1426 et
1123 1368 1441 1447 agrestium
1483 1388 1760 1425 anserum
1797 1368 1944 1424 mira
1977 1381 2064 1425 est
2128 1435 2137 1443 ἱ

349 1452 538 1533 copia.
601 1454 957 1531 Assurgunt
998 1451 1059 1509 in
1099 1451 1253 1531 ipso,
1291 1473 1414 1531 quo
1450 1451 1526 1508 sit
1557 1449 2058 1523 commendatiuS,

357 1536 737 1595 Marchionis
774 1536 1011 1594 Cortesi
1044 1537 1196 1595 aedes
1230 1534 1755 1615 praestantissimae.

1070 1703 1349 1761 ZUAZUs.

443 1831 761 1901 Caeterum,
786 1830 951 1909 quod
975 1850 1111 1885 vere
1136 1827 1332 1885 munit
1354 1841 1411 1885 et
1433 1827 1689 1907 proinde
1716 1826 1927 1885 urbem
1956 1849 2063 1886 no-

356 1913 570 1986 bilitat,
607 1913 1012 1971 animadverte
1039 1925 1106 1969 ut
1131 1911 1430 1968 ambiente
1455 1925 1513 1968 et
1537 1932 1782 1990 campos
1808 1911 2067 1969 alluente

288 2064 291 2067 ,
355 1998 592 2077 palude,
638 1996 915 2054 Mexicus
950 1994 1248 2053 difficilem
1292 1994 1467 2052 habet
1510 1994 2059 2073 oppugnationem:

359 2102 492 2138 nam
521 2081 593 2138 ad
621 2080 820 2159 ipsum
850 2079 960 2136 nisi
989 2099 1092 2158 per
1119 2077 1240 2134 vias
1269 2091 1498 2149 stratas,
1529 2100 1661 2157 quae
1690 2078 1912 2150 multae,
1943 2098 2067 2135 am-

357 2163 638 2243 plissimae
669 2179 726 2220 et
756 2163 827 2220 ab
868 2161 1273 2242 adjacentibus
1315 2161 1536 2240 campis
1578 2162 1742 2220 elatae
1778 2175 1939 2233 sunt,
1978 2161 2066 2219 in-

356 2269 593 2328 gressus
629 2245 981 2326 neutiquam
1017 2259 1206 2324 patet;
1246 2267 1380 2302 cum
1417 2245 1609 2324 campi
1645 2245 1748 2324 qui
1792 2245 1864 2303 ad
1908 2244 2065 2324 ipsas

358 2331 677 2411 pertinent,
714 2328 890 2388 fossis
927 2328 1134 2386 multis
1160 2328 1529 2400 dividantur,
1560 2342 1617 2385 et
1645 2328 1890 2386 hiberno
1919 2342 2069 2386 tem-

360 2437 506 2495 pore
538 2414 650 2473 toti
686 2435 836 2494 pene
868 2413 949 2470 sic
983 2412 1374 2486 inundentur,
1409 2425 1477 2469 ut
1520 2433 1639 2469 non
1686 2412 1922 2491 paludis
1965 2413 2068 2470 sed

361 2498 536 2556 maris
569 2497 821 2577 speciem
855 2495 1169 2575 praebeant.
1225 2496 1425 2575 Prope
1451 2495 1762 2575 plerasque
1787 2495 1912 2552 vias
1938 2516 2070 2574 quae

361 2582 594 2640 aditum
620 2583 694 2639 ad
730 2581 937 2638 urbem
967 2592 1268 2658 praestant,
1299 2577 1472 2637 fossae
1498 2601 1599 2636 seu
1635 2578 1815 2635 rivuli
1850 2599 1918 2636 ex
1947 2600 2068 2637 ma-

360 2665 490 2745 gnis
537 2663 892 2722 fluminibus
940 2663 1000 2720 in
1033 2663 1243 2720 urbem
1289 2662 1638 2741 longissime
1684 2661 2063 2733 derivantur3

362 2748 700 2828 egressique
720 2748 999 2827 paludem
1026 2745 1275 2804 intrant:
1315 2747 1475 2804 unde
1496 2745 1562 2802 fit
1584 2759 1651 2803 ut
1667 2767 1770 2803 nec
1792 2745 2071 2804 saeviente

362 2832 624 2890 canicula
656 2831 727 2889 ab
761 2829 1097 2910 integritate
1130 2851 1236 2887 sua
1268 2828 1544 2887 discedat.

1066 3223 1382 3280 ALFARUS.

459 3367 715 3425 Montes
748 3381 805 3425 et
828 3369 974 3447 juga
1006 3380 1148 3425 sunt
1180 3365 1283 3446 qui
1317 3365 1613 3424 incolant?
