2268 4003
376 311 471 374 264
986 323 1227 354 1>1ALOGUs
1253 323 1473 354 Tam-ms.

374 447 554 526 hujus
601 441 962 520 amplitudO,
1016 442 1095 500 ita
1145 455 1215 500 ut
1259 442 1618 522 aquaeductu
1665 462 1769 522 per
1814 441 2081 502 medium

373 541 580 599 secata,
616 525 842 583 utravis
877 546 1009 605 pars
1043 526 1371 584 contrarios
1403 546 1604 606 capere
1629 547 1837 585 currus
1867 526 2079 607 possit.

1075 733 1394 791 ALFARUS.

465 857 615 915 Non
650 856 796 914 adeo
831 855 1073 913 celebris
1107 855 1223 914 fuit
1256 857 1480 937 Appia,
1518 858 1688 936 cujus
1718 873 1826 934 pro
1870 858 2088 916 Milone

379 939 767 1000 honorificam
805 940 1012 997 Cicero
1064 941 1271 998 multis
1319 941 1464 998 locis
1516 939 1885 997 mentionem
1929 939 2086 999 facit.

381 1024 775 1104 Tolliturque
807 1023 1124 1081 intervallo
1156 1025 1330 1103 justo
1373 1024 1443 1081 ab
1485 1023 1657 1102 agris,
1703 1044 1775 1080 ne
1809 1023 2091 1101 hybernis

382 1108 679 1167 imbribus
712 1129 830 1165 una
863 1128 999 1165 cum
1042 1107 1188 1186 ipsis
1233 1109 1581 1166 inundetur.
1645 1108 1749 1164 Ad
1790 1108 2091 1186 dexteram

383 1193 583 1273 posita
614 1204 756 1249 sunt
790 1193 913 1249 duo
947 1193 1188 1284 temp-la,
1227 1213 1348 1249 non
1382 1213 1567 1271 parvo
1601 1190 1797 1271 spatio
1831 1190 1949 1249 ad
1937 1191 2096 1248 mvi-

385 1299 506 1336 cem
537 1275 834 1334 distantia.
883 1275 986 1333 Ad
1014 1275 1313 1332 sinistram
1345 1275 1629 1333 indorum
1659 1289 1747 1332 est
1774 1289 2091 1348 mercatu8‚

385 1374 442 1419 et
475 1359 720 1440 quidem
756 1359 1051 1416 mercibus
1086 1374 1143 1417 et
1177 1359 1527 1416 hominibus
1562 1357 2005 1417 refertissimus,

1109 1565 1388 1623 ZUAzus.

477 1673 870 1729 Postremum
919 1669 1125 1728 fanum
1177 1672 1391 1728 Sancto
1444 1670 1801 1749 Hyppolito
1846 1691 2097 1743 sacrum,

392 1754 717 1837 quotannis
744 1755 870 1834 ejus
895 1754 1006 1825 die,
1036 1776 1244 1833 magna
1269 1776 1403 1812 cum
1433 1775 1657 1833 pompa
1685 1768 1741 1811 et
1766 1754 2102 1812 celebritate

394 1840 465 1898 ab
500 1840 645 1896 urbe
687 1853 811 1895 tota
853 1836 1282 1917 frequentatur,
1330 1839 1496 1916 quod
1530 1860 1598 1894 eo
1632 1837 1726 1896 die
1759 1860 1789 1896 a
1824 1837 2103 1896 Cortesio

394 1938 452 1981 et
483 1924 607 2002 ejus
648 1921 1171 1979 commilitonibus
1216 1922 1489 1979 Mexicus
1533 1935 1868 2014 expugnata
1906 1919 2103 1979 fuerit.

395 2004 749 2063 Vexillum
737 2027 795 2061 ιη
832 2028 894 2062 ea
927 2027 1152 2084 pompa
1183 2027 1338 2062 unus
1373 2027 1441 2062 ex
1465 2005 1639 2063 cu1iae
1664 2020 1721 2062 et
1746 2004 1913 2062 urbis
1942 2027 2107 2063 sena—

395 2089 628 2148 toribus
677 2110 855 2167 eques
905 2104 962 2145 et
995 2104 1257 2145 armatus
1292 2087 1494 2160 defert,
1546 2103 1848 2167 praeeunte
1897 2111 2109 2168 magna

397 2173 623 2230 civium
654 2172 1139 2251 obequitantium
1181 2173 1371 2245 turba,-
1409 2172 1557 2230 tanti
1591 2172 1883 2252 triumphi
1909 2187 1976 2231 ut
2002 2194 2112 2252 po·-

404 2256 573 2314 steris
620 2256 907 2313 memoria
949 2255 1271 2327 refricetur,
1311 2270 1367 2313 et
1403 2256 1762 2335 Hyppolito
1796 2256 1981 2336 gratia
2013 2256 2112 2314 ha-

401 2340 626 2411 beatur,
665 2341 830 2418 quod
867 2339 923 2396 in
960 2341 1401 2419 expugnatione
1449 2340 1722 2433 hispanis·
1757 2342 2110 2434 adjumento

403 2423 608 2482 fuerit:
648 2445 677 2480 a
710 2424 881 2503 cujus
917 2425 1147 2502 templo
1182 2424 1466 2482 indorum
1495 2423 1856 2503 emporium,
1889 2424 2027 2503 quia
2054 2424 2112 2481 in

404 2521 728 2601 consp-ectu
770 2522 876 2579 est,
927 2529 1145 2564 nomen
1192 2508 1428 2588 accepit.
1494 2509 1842 2587 Sequuntur
1881 2507 2108 2580 statim,

408 2591 512 2670 qui
548 2613 656 2649 v1ae
690 2590 938 2670 subjecti
975 2606 1136 2662 sunt,
1174 2614 1291 2670 agri
1322 2590 1681 2671 compascui,
1712 2606 1998 2670 perpetua
2024 2591 2115 2648 vi-

408 2675 644 2734 riditate
666 2675 1006 2754 gratissimi,
1033 2689 1089 2732 et
1116 2675 1321 2732 multis
1350 2696 1633 2755 pecorum
1658 2675 1925 2732 millibus
1953 2674 2112 2733 satis,

1108 2960 1426 3017 ALFARUS.

498 3065 701 3141 Quam
736 3076 877 3122 sunt
909 3062 1151 3142 spatiosi
1188 3078 1243 3120 et
1277 3061 1525 3120 amoeni!
1571 3083 1875 3144 quamque
1907 3063 2115 3122 oculos

415 3148 703 3221 reficiunt,
741 3163 796 3206 et
828 3148 1095 3205 animum
1131 3147 1483 3204 exhilarant!

1131 3270 1407 3327 ZUAZUS.

505 3371 791 3429 Planicies
826 3372 922 3430 illa
957 3395 1088 3452 quae
1120 3386 1206 3430 est
1239 3372 1391 3430 inter
1423 3371 1640 3452 praedia
1673 3372 1913 3444 urbana,
1951 3371 2116 3430 locus

1854 3606 1931 3613 IX
