2268 4003
479 304 569 362 138
1062 317 1304 348 mALoous
1333 316 1595 348 SECUNDUS.

465 435 724 493 albicans
750 447 807 492 et
838 434 1105 493 eminens
1140 436 1464 516 templum,
1499 449 1663 493 tanta
1689 434 1748 492 in
1776 430 2176 510 amplitudine

464 517 756 598 positum,
793 517 886 576 cui
919 540 988 576 ex
1020 518 1175 577 divis
1215 532 1634 599 nuncupatum
1674 517 1792 574 est?
1848 523 1851 524 ⁷

1173 641 1476 700 ZAMORA.

546 762 770 837 Joanni
807 762 1107 842 Baptistae.

1181 890 1459 947 ZUAZUS.

455 1029 457 1031 ’
539 1016 677 1090 Jam
713 1013 1039 1094 superbum
1072 1015 1246 1073 valde
1277 1028 1334 1072 et
1367 1013 1897 1094 elegantissimum,
1948 1010 2171 1090 siquod

458 1098 620 1157 aliud
653 1098 712 1156 in
747 1099 889 1156 orbe
921 1112 1074 1170 tot0,
1110 1098 1424 1157 aedificium
1454 1097 1790 1155 considera:
1832 1115 2053 1152 nomen
2081 1107 2172 1151 est

459 1183 509 1240 ei
542 1183 786 1240 tabernae
819 1181 1054 1262 Tejjadae,
1092 1182 1162 1239 ab
1195 1204 1308 1240 usu
1342 1195 1399 1240 et
1429 1196 1669 1240 auctore
1693 1200 1912 1237 nomen
1939 1192 2168 1236 tenens.

1157 1482 1476 1538 ALFARUS.

544 1604 719 1662 Nihil
753 1625 1020 1683 unquam
1057 1603 1180 1662 vidi
1215 1603 1571 1683 praeclarius.
1630 1602 2048 1682 Triangularis
2080 1617 2168 1661 est

457 1687 803 1746 structionis
846 1688 1058 1767 figura:
1115 1689 1237 1745 duo
1281 1688 1457 1744 latera
1506 1686 1774 1767 porticus
1824 1701 1882 1744 et
1932 1687 2060 1745 latae
2108 1701 2166 1744 et

456 1772 648 1851 longae
689 1770 965 1843 nimium,
1010 1771 1311 1828 columnis
1351 1793 1516 1850 aeque
1558 1770 1786 1850 magnis
1837 1770 2160 1842 distinctae,

456 1857 770 1914 claudunt:
803 1855 1046 1912 tertium
1075 1853 1234 1912 fossa
1261 1856 1600 1913 redundans
1621 1876 1772 1933 aqua
1798 1853 2022 1912 circuit
2061 1854 2165 1912 In-

455 1952 542 1997 tra
582 1938 851 2018 porticus
894 1939 1149 1996 tabernae
1190 1939 1272 1995 sic
1312 1938 1466 1995 inter
1514 1960 1574 1996 se
1622 1938 1845 1995 similes
1888 1952 2050 2010 sunt,
2095 1952 2165 1995 ut

456 2021 567 2080 nisi
591 2043 863 2093 numerO,
888 2022 1050 2078 nulla
1072 2023 1142 2079 ab
1164 2022 1273 2079 alia
1293 2021 1582 2114 distingui
1608 2022 1819 2100 possit.
1871 1985 2164 2080 Interiora

454 2106 834 2164 tabernarum
889 2105 1065 2162 etiarn
1120 2105 1261 2161 nihil
1315 2105 1570 2162 invicem
1622 2104 1981 2177 differentia,
2037 2119 2159 2162 tam

455 2203 598 2246 sunt
631 2202 754 2246 arte
784 2202 1141 2261 constructa,
1179 2204 1266 2260 ut,
1298 2190 1462 2268 quod
1487 2189 1692 2261 miror,
1723 2189 1782 2245 in
1811 2210 1999 2268 parvo
2026 2189 2158 2247 solo

453 2272 681 2352 integra
732 2272 808 2330 sit
857 2274 1099 2343 domu8‚
1154 2287 1221 2329 ut
1272 2294 1464 2352 neque
1519 2237 1912 2344 vestil3ulum,
1968 2294 2161 2352 neque

453 2356 700 2428 atrium,
755 2377 948 2436 neque
997 2356 1333 2428 stabulum,
1388 2378 1579 2435 neque
1629 2356 1915 2428 culinam,
1970 2376 2161 2436 neque

453 2439 709 2497 triclinia
759 2453 816 2497 et
858 2439 1276 2512 coenationem,
1323 2461 1516 2520 neque
1557 2461 1690 2519 quae
1730 2454 1871 2498 sunt
1913 2439 2156 2519 reliqua,

454 2522 784 2581 desiderare
816 2522 1032 2602 possis,

1159 2648 1460 2706 ZAMORA.

538 2770 1006 2852 Supraporticus
1029 2792 1286 2850 superna
1307 2784 1449 2828 sunt
1470 2771 1847 2828 tabernarum
1869 2771 2152 2842 membra,

451 2877 584 2935 quae
616 2856 805 2913 solem
838 2868 895 2912 et
921 2855 1113 2912 lucem
1141 2854 1370 2933 magnis
1398 2853 1668 2912 fenestris
1696 2855 1755 2911 in
1782 2854 1987 2912 omnia
2009 2874 2157 2933 pene

451 2938 761 3018 superiora
793 2937 1062 2995 cubicula
1096 2937 1377 2996 inferunt.
1427 2939 1486 2995 A
1527 2953 1693 3017 tergo
1733 2938 1906 2995 incile
1944 2952 2034 2996 est
2072 2951 2154 2995 ta-

451 3022 650 3079 bernis
684 3021 969 3080 omnibus
1001 3042 1344 3094 commune,
1370 3023 1537 3101 quod
1564 3024 1635 3079 ad
1662 3023 1785 3080 duo
1812 3021 2152 3101 porticuum

451 3106 628 3163 latera
660 3119 973 3184 tantopere
1005 3105 1325 3184 ampliatur
1362 3106 1784 3184 dilataturque,
1829 3104 2152 3183 parietibus

450 3190 851 3268 undequaque
899 3189 1190 3260 clausum,
1245 3202 1313 3245 ut
1361 3189 1535 3268 plane
1584 3188 1837 3267 speciem
1889 3188 2149 3245 duorum

450 3285 742 3348 portuum
786 3272 1008 3344 reddat,
1061 3273 1134 3330 ad
1179 3294 1332 3352 quos
1374 3293 1477 3350 per
1518 3273 1735 3351 gradus
1786 3290 2150 3328 marmoreos

452 3354 768 3411 descensus
801 3369 906 3413 est.
