2268 4003
491 333 579 381 126
1070 346 1311 378 D1ALooUs
1337 346 1597 378 SECUNDUS.

1175 508 1496 565 ALFARUS.

567 632 769 708 Quam
803 643 1086 724 praesta-nt
1117 642 1432 703 structura,
1463 651 1595 710 quae
1620 651 1679 688 se
1706 641 1921 687 mutuo
1947 628 2184 709 conspi-

482 714 719 787 cienteS,
758 714 816 771 in
851 714 1131 794 proximo
1165 729 1307 773 sunt
1338 716 1508 774 aedes.

1193 838 1473 896 ZUAzus.

566 964 714 1021 Non
751 962 948 1022 minus
983 962 1262 1044 speciosae
1294 984 1472 1044 quam
1510 961 1774 1021 munitae.

1175 1089 1492 1147 ALFARUS.

563 1212 744 1270 Tales
777 1232 1010 1292 semper
1041 1210 1447 1269 commendari
1487 1210 1686 1283 audi0,
1729 1210 1832 1270 sed
1870 1231 2004 1290 quae
2041 1225 2182 1270 sunt

477 1297 634 1354 ultra
676 1296 874 1367 incile,
922 1296 1101 1353 hortu
1142 1315 1322 1375 quem
1375 1294 1595 1352 habent
1634 1294 1795 1352 intus
1839 1307 1897 1352 et
1934 1294 2183 1374 depictis

476 1379 929 1437 summitatibus
969 1393 1146 1458 gratae
1178 1377 1362 1458 magis
1392 1390 1695 1458 apparent.
1744 1377 1994 1450 Verum,
2037 1378 2184 1458 quid

475 1464 586 1521 sibi
621 1464 755 1520 vult
787 1463 935 1521 illud
969 1477 1037 1520 ut
1069 1483 1248 1542 supra
1286 1483 1498 1542 aquam
1541 1483 1694 1541 aqua
1725 1460 1900 1520 etiam
1936 1461 2183 1521 imbutae

475 1547 686 1606 indicae
716 1547 943 1625 cymbae
966 1547 1202 1605 natent?
1250 1545 1513 1626 Enigma
1546 1545 1792 1626 quidem
1822 1544 2060 1627 OEdipo
2093 1545 2181 1605 di-

475 1652 683 1711 gnum.

1182 1754 1483 1812 ZAMORA.

560 1880 773 1936 Davus
821 1878 1034 1950 solvet,
1080 1878 1304 1936 nedum
1348 1877 1649 1958 OEdipus,
1696 1899 1830 1936 nam
1882 1899 2015 1958 quae
2061 1878 2178 1938 fert

474 1964 663 2020 trabes
696 1984 867 2042 aqua,
907 1984 1027 2020 non
1073 1975 1161 2020 est
1201 1961 1397 2040 potui,
1423 1983 1576 2055 ’quae
1615 1976 1815 2020 autem
1856 1959 2063 2035 fertur,
2107 1983 2180 2021 ex

469 2044 636 2104 fonte
658 2046 1055 2125 perligneam,
1082 2044 1883 2125 sicuticontinuoinspicies,
1903 2066 2177 2127 magnam

469 2128 770 2188 canalem
757 2151 816 2186 1n
845 2129 1136 2210 subjectas
1163 2128 1490 2208 cymbulaS,
1520 2150 1589 2187 ex
1613 2129 1753 2203 alto,
1786 2150 2002 2210 magno
2028 2144 2177 2190 stre-

468 2213 601 2293 pitu
636 2211 812 2272 cadit.

1165 2420 1483 2478 ALFARUS.

553 2542 848 2614 Intellexi,
874 2541 1050 2601 video
1074 2543 1237 2622 quod
1259 2544 1671 2601 admonueras
1724 2543 1886 2601 Proh
1905 2542 2166 2624 Jupiter!

465 2640 687 2705 quanta
721 2626 991 2683 lintrium
1019 2626 1213 2706 copia!
1270 2626 1465 2684 Hunc
1496 2641 1694 2684 autem
1727 2626 1948 2700 vicum,
1985 2649 2163 2708 quem

453 2710 581 2789 jam
616 2709 1002 2789 ingredimur,
1040 2723 1160 2768 tam
1195 2710 1425 2789 magnis
1458 2724 1515 2768 et
1546 2710 1965 2790 praestantibus
1993 2711 2171 2771 undi-

464 2814 581 2872 que
607 2792 888 2851 domibus
910 2793 1325 2872 conspicuum,
1352 2807 1471 2851 tam
1497 2795 1851 2873 spatiosum,
1882 2817 2032 2875 aqua
2057 2796 2168 2854 du-

460 2875 600 2955 plici
631 2878 1199 2948 commendandum,
1236 2877 1415 2935 altera
1441 2877 1754 2957 irrigandis
1782 2879 2161 2958 pavimentiS,

461 2973 519 3016 et
558 2960 734 3017 altera
773 2959 943 3039 potui
995 2959 1136 3019 satis
1185 2961 1566 3041 congruenti,
1619 2962 1962 3043 cujusmodi
2011 2962 2165 3023 cives

460 3041 763 3102 habitant?

1179 3188 1456 3270 Zquus.

548 3307 832 3382 Nobiles,
890 3324 946 3368 et
996 3332 1258 3390 quorum
1314 3311 1492 3392 aliqui
1545 3311 1811 3392 ignotam
1866 3311 2160 3371 historicis

460 3389 760 3468 regionem
816 3357 1059 3453 'Caesaris
1109 3394 1361 3474 imperio
1415 3395 1739 3476 subjecere:
1809 3395 2154 3469 CervanteS,

1840 3623 1910 3631 »X
