2268 4003
471 333 533 378 24
1085 327 1320 359 DIALOGUS
1348 328 1544 359 PRIMUS.

1123 487 1522 546 GUTERRIUS.

555 612 782 694 Ecquis
813 612 927 672 fuit
960 612 1038 671 rei
1073 626 1252 672 tantae
1283 615 1521 672 auctor?

1185 780 1192 785 .
1225 737 1434 796 MESA.

552 864 763 936 Caesar,
788 864 956 944 cujus
982 862 1257 944 auspiciis
1284 876 1340 923 et
1362 864 1546 923 ductu
1568 863 1756 922 multa
1781 874 1921 921 sunt
1946 861 2170 943 ubique

465 963 753 1007 terrarum
786 948 1056 1028 praeclare
1080 962 1261 1028 gesta.

1127 1093 1524 1151 GUTERRIUS.

553 1215 796 1293 Quibus
829 1215 1313 1274 immunitatibus
1347 1229 1404 1274 et
1436 1214 1798 1295 privilegiis?

1227 1362 1434 1422 MESA.

557 1483 848 1542 Maximis
875 1498 931 1542 et
959 1483 1180 1555 multiS,
1209 1497 1267 1542 et
1294 1484 1352 1542 in
1381 1484 1664 1543 omnibus
1692 1506 1723 1542 a
1750 1481 2172 1542 Salmanticen-

465 1568 631 1627 sibus
666 1568 855 1626 nihilo
889 1567 1311 1625 dissimilibus,

1123 1712 1522 1771 GUTERRIUS.

554 1836 767 1893 Multo
803 1834 1095 1915 pluribuS,
1132 1857 1193 1895 ac
1224 1836 1270 1893 si
1305 1836 1426 1894 fieri
1463 1850 1685 1916 posset,
1724 1834 2052 1917 majoribus
2082 1834 2170 1894 di-

464 1919 564 2000 gni
598 1933 759 1991 sunt,
798 1919 900 1998 qui
936 1933 993 1976 et
1023 1933 1142 1977 tam
1179 1921 1384 1998 procul
1419 1942 1448 1977 a
1483 1919 1669 2000 patria
1702 1921 1939 1992 docent,
1975 1932 2032 1978 et
2065 1918 2168 2000 qui

465 2004 524 2062 in
559 2017 720 2062 tanta
752 2002 1060 2083 opulentia
1090 2016 1146 2062 et
1178 2019 1492 2083 parentum
1526 2003 1749 2063 deliciis
1783 2003 2040 2063 discunt.

1223 2234 1434 2293 MESA.

552 2355 720 2433 Quin
760 2356 988 2435 potiuS‚
1024 2357 1191 2436 quod
1227 2357 1418 2416 dicere
1459 2357 1785 2429 debuisseS,
1820 2378 1890 2415 eo
1929 2355 2170 2436 utrique

465 2439 692 2497 honore
733 2439 1018 2498 afficiendi
1062 2454 1223 2513 sunt,
1270 2442 1435 2522 quod
1479 2439 1736 2499 Novum
1781 2436 2031 2512 Orbem,
2078 2461 2168 2497 sa-

464 2522 702 2602 pientiae
722 2521 971 2603 fulgore,
990 2524 1334 2602 ignorantiae
1350 2525 1560 2583 nebula
1579 2546 1695 2604 qua
1716 2523 2163 2596 obscurabatur,

465 2605 643 2685 primi
678 2607 954 2664 omnium
994 2608 1260 2679 liberent,
1306 2621 1363 2666 et
1406 2608 1581 2667 indos
1624 2607 1684 2665 in
1727 2607 1841 2666 fide
1878 2609 2166 2686 cultuque

470 2689 586 2746 Dei
611 2688 692 2748 sic
714 2689 1067 2748 confirment
1087 2703 1154 2749 ut
1174 2692 1247 2750 ad
1267 2705 1540 2772 posteros
1566 2712 1796 2772 semper
1817 2690 2046 2750 firmior
2067 2691 2167 2750 de-

467 2772 691 2831 rivetur
721 2772 1045 2854 integritas,

1122 3000 1517 3061 GUTERRIUS.

553 3124 1168 3206 Rectissimejudicas,
1193 3139 1261 3184 ut
1283 3125 1428 3183 nihil
1449 3148 1646 3207 supra.
1695 3127 1807 3187 Sed
1829 3127 1995 3207 quod
2015 3146 2161 3186 aveo

467 3206 611 3264 scire
646 3209 770 3287 jam
812 3230 1063 3289 expone:
1111 3231 1227 3289 qua
1268 3212 1549 3282 mercede,
1594 3211 1906 3292 quamdiu,
1952 3225 2010 3270 et
2058 3208 2160 3291 qui

467 3289 588 3347 sint
618 3303 736 3350 tam
768 3293 991 3351 strenui
1023 3293 1487 3353 adolescentuim
1520 3293 1890 3357 formatores.
