2268 4003
424 351 518 398 270
1033 350 1271 381 DIALOGUS
1297 350 1519 386 TERTIUS,

1120 508 1422 567 ZAMORA.

1193 642 1344 672 NEMVS

804 717 1035 748 AEDIFICIO.
1059 717 1128 747 ET.
1151 714 1449 746 AMOENITATE.
1477 717 1729 747 PVLCHRVM

1064 792 1289 823 DELITIAS.
1313 792 1474 822 POPVLI

1007 869 1275 898 LVDOVICVS.
1303 867 1525 898 VELASCVS

926 944 1079 982 HVJVS.
1112 944 1389 973 PROVINCIAE.
1425 944 1608 973 PROREX

970 1020 1159 1052 CAESARI.
1183 1022 1277 1051 SVO.
1302 1020 1576 1051 CONSECRAT.

1110 1130 1431 1187 ALFARUS.

498 1252 665 1334 Sapit
697 1251 1141 1332 antiquitatem,
1178 1265 1236 1310 et
1268 1252 1435 1332 quod
1470 1251 1670 1332 ipsum
1717 1253 2120 1326 commendat,

414 1359 624 1397 verum
659 1351 763 1396 est.
817 1336 1046 1417 Ecquis
1080 1350 1279 1394 tamen
1313 1335 1429 1394 fuit
1462 1337 1701 1395 auctor?

1130 1461 1409 1519 ZUAZUs.

501 1588 686 1648 Sicuti
713 1587 927 1666 accepi,
963 1587 1288 1645 Cervantes
1318 1587 1643 1659 Salazarus,
1674 1585 1993 1644 institutor
2019 1607 2131 1644 nov·

418 1687 554 1744 ster,
591 1671 695 1751 qui
729 1684 1023 1752 quantum
1069 1670 1355 1750 consequi
1399 1684 1601 1750 potest
1643 1670 1743 1728 dat
1785 1691 2023 1749 operam
2060 1682 2130 1728 ut

416 1757 816 1816 adolescentes
859 1753 1142 1812 mexicani
1188 1753 1390 1812 diserti
1439 1752 1797 1832 facundique
1833 1755 2124 1827 evadant,

418 1854 476 1898 et
523 1839 845 1897 clarissima
882 1836 1190 1918 provincia
1233 1852 1451 1908 nostra,
1490 1837 1851 1917 scriptorum
1899 1836 2124 1918 inopia,

417 1923 640 2004 quibus
677 1923 958 1981 hactenus
993 1920 1199 1993 caruit,
1238 1942 1359 1978 non
1395 1921 1473 1979 sit
1504 1920 1562 1978 in
1599 1920 1875 1979 obscuro,

1115 2126 1433 2184 ALFARUS.

505 2250 850 2309 Plurimum
892 2263 1045 2309 certe
1084 2250 1197 2331 ipsi
1242 2250 1469 2309 debetis
1511 2251 1612 2331 qui
1654 2274 1786 2325 VOS,
1833 2253 2000 2332 quod
2041 2265 2131 2312 est

421 2334 698 2393 omnium
734 2333 1086 2406 maximum,
1131 2357 1161 2392 a
1203 2335 1566 2394 mortalitate
1606 2349 1664 2394 et
1705 2336 1954 2395 interitu
1988 2358 2131 2395 ven-

334 2425 336 2427 ’
422 2419 610 2478 dicare
641 2432 913 2477 conetur.

1131 2540 1431 2598 ZAMoRA.

507 2662 775 2721 Proceris
808 2677 865 2721 et
896 2662 1116 2743 patulis
1149 2662 1460 2720 arboribus
1487 2663 1560 2721 ad
1586 2661 1815 2720 fontem
1844 2662 2127 2723 introitus

423 2768 645 2827 opacus
689 2760 806 2805 est:
852 2768 1092 2826 unaque
1125 2747 1411 2804 duntaxat
1451 2747 1524 2806 ad
1567 2745 1757 2826 ipsam
1801 2769 2014 2828 aquam
2037 2749 2130 2829 ja-

423 2851 540 2888 nua
582 2844 762 2910 patet.
822 2830 915 2887 Ac
950 2851 1021 2887 ne
1062 2830 1285 2910 lapides
1326 2843 1383 2887 et
1422 2852 1573 2903 saxa,
1616 2829 2033 2890 immundities
2067 2853 2131 2891 ac

423 2915 627 2973 sordes
662 2913 721 2971 in
756 2912 985 2971 fontem
1019 2934 1088 2971 ex
1119 2914 1544 2993 promontorio
1579 2916 1744 2995 quod
1777 2915 2124 2995 proximum

424 3011 514 3055 est
575 2997 933 3069 relabantur,
996 2997 1170 3055 editis
1230 2996 1556 3076 parietibus
1617 2997 2126 3058 circumscribitur.

423 3080 560 3154 Jam
584 3080 927 3161 ingrediere,
959 3080 1097 3138 etin
1127 3081 1311 3162 podio
1339 3082 1494 3154 sede,
1520 3095 1730 3141 cuncta
1750 3082 1963 3142 melius
1985 3103 2127 3142 con-

427 3164 844 3243 templaturUS.

1122 3268 1437 3326 ALfARUS.

515 3385 687 3445 Nihil
721 3410 1008 3469 unquam,
1044 3391 1152 3449 etsi
1188 3391 1373 3450 multa
1404 3391 1550 3464 vidi,
1588 3391 1832 3472 perinde
1863 3391 1997 3451 visu
2032 3391 2123 3452 di-

1851 3610 1929 3618 α
