2268 4003
837 328 1087 372 Amssxmciz.
1692 346 1803 376 xxix

125 458 316 511 tionem,
341 457 523 502 natione
549 455 799 516 Hispanus:
832 456 997 511 Patria,
1025 470 1071 503 ut
1097 473 1288 518 operum
1315 457 1469 504 titulus
1496 458 1692 506 declarat
1714 460 1806 508 Va-

123 523 336 569 lentinus:
359 522 548 568 honesto
565 533 692 567 natus
712 538 892 582 genere:
915 523 1071 569 statura
1093 523 1334 570 mediocri:
1355 528 1393 570 δε
1413 542 1500 587 quc,²
1519 524 1574 571 ad
1594 533 1804 587 procera,

122 590 262 649 magis
288 606 329 650 cp
357 588 412 633 ad
438 587 624 634 breuem
650 588 903 634 accederet.
944 588 1090 634 Vultu
1125 590 1277 644 hilari,
1312 597 1363 636 cu
1398 591 1678 653 inatakqdam
1706 610 1805 654 gra-

121 655 275 701 uitate.
303 670 416 716 puer
441 655 585 715 patria
610 654 814 716 reliquit,
842 655 985 716 postcp
1013 654 1137 700 ibide
1175 656 1343 702 factum
1379 657 1518 716 latine
1551 658 1707 721 lingue
1734 672 1806 722 ty-

121 721 366 775 rocinium,
401 720 560 778 lutetie
599 719 913 775 Parrifiorum,
950 721 1101 781 primu
1141 721 1310 768 Grecis
1345 722 1506 778 literis,
1542 728 1582 769 ἃς
1616 726 1803 787 quidem

120 787 331 833 maximis
368 786 614 846 pfectibus,
653 803 840 847 operam
878 787 1021 833 dedit.
1061 787 1228 833 deinde
1277 787 1536 836 Dialectici
1577 794 1616 835 δε
1659 798 1802 855 νῑι-Ξῑφ

121 851 486 913 Philosophiam,
513 868 616 898 cum
645 853 928 914 Theologia,
955 853 1014 898 s1c
1040 854 1302 909 coniunxit,
1335 866 1382 900 vt
1415 855 1468 900 ad
1505 857 1660 903 omnia
1685 859 1805 905 diui·

117 919 237 966 nitus
256 919 427 964 effictus
446 918 692 965 videretur.
732 918 938 965 Historia
963 921 1170 966 omnium
1192 921 1393 966 maxime
1415 922 1579 977 tenuit,
1600 935 1646 969 vt
1668 924 1803 984 plane

118 986 210 1031 eius
236 985 282 1030 in
308 985 578 1044 Agustinum
604 985 660 1030 de
687 985 868 1031 ciuitate
900 986 992 1031 Dei
1025 987 1354 1033 commentaria
1388 987 1620 1044 testantur,
1656 990 1803 1037 sacili-

117 1063 205 1097 tate
239 1062 378 1106 tanta,
413 1062 508 1097 tum
537 1050 711 1109 Grece,
745 1065 840 1098 tum
869 1052 1033 1098 Latine
1068 1053 1256 1116 loquedi
1291 1053 1394 1109 suit,
1427 1066 1474 1101 vt
1502 1062 1610 1117 nfiq3
1642 1055 1804 1119 loque-

115 1129 252 1163 retur:
289 1118 400 1180 quin
433 1117 763 1179 premeditatus
795 1118 948 1165 dicere
982 1118 1234 1175 videretur,
1266 1119 1313 1165 id
1345 1127 1446 1166 auti·
1483 1121 1598 1167 nulli
1634 1123 1802 1170 mirum

114 1183 317 1238 accedet,
345 1184 420 1246 qui
448 1185 671 1230 acerrimo
699 1191 751 1230 εὖ
779 1185 983 1245 ingenio,
1011 1190 1051 1232 δι
1077 1197 1254 1232 maturo
1282 1186 1474 1242 iudicio,
1510 1187 1802 1251 firmissimaffl

114 1250 354 1305 memoria,
389 1249 515 1295 fuisse
548 1267 604 1296 ex
640 1267 713 1296 me
740 1251 935 1297 sciuerit.
971 1253 1088 1297 mihi
1115 1253 1239 1298 enim
1265 1264 1312 1299 vt
1344 1253 1687 1313 gratificaretur,
1715 1255 1805 1302 Di-

114 1324 306 1370 ctatorsi,
336 1315 607 1371 Consulum,
637 1317 862 1373 Censorfi,
892 1317 1083 1375 Pretorfi
1110 1323 1150 1364 δι
1170 1319 1429 1381 ει]ἰοτυη],ΐ]
1455 1332 1631 1378 ceteros
1657 1323 1802 1382 magi-

116 1382 267 1428 stratus
292 1382 481 1442 gess'erfit
507 1384 713 1438 nomina,
739 1389 792 1428 cu
818 1384 1157 1443 agnominibus,
1177 1385 1548 1446 prenominibu3‚
1570 1390 1610 1431 δε
1631 1403 1803 1447 cogno-

114 1448 332 1504 minibuS‚
357 1453 397 1494 &
423 1448 532 1511 quid
558 1449 737 1509 singuli,
759 1449 923 1511 quibus
944 1449 1134 1505 velocis,
1156 1451 1415 1512 preclarum
1437 1451 1657 1499 facerent:
1680 1454 1800 1516 quafi

114 1529 168 1560 eo
195 1525 404 1576 tempore
429 1515 625 1571 vixisset,
659 1519 699 1561 &
729 1515 1068 1563 familiariffime
1104 1524 1156 1563 cu
1192 1517 1283 1563 illis
1317 1517 1495 1577 egiffet:
1533 1520 1804 1566 memoriter

113 1581 351 1627 recensuit.
381 1581 538 1642 Brugis
558 1581 698 1627 multa
718 1580 907 1643 scripsit.
938 1582 1115 1629 Louani
1136 1582 1307 1633 floruit.
1329 1589 1369 1630 δε
1390 1584 1575 1643 Lutetie
1594 1586 1801 1633 inumera

113 1647 391 1693 admirabilis
409 1648 696 1703 eruditionis,
715 1652 755 1694 ἂν
774 1648 1007 1712 eloquetie
1029 1649 1101 1708 sue
1123 1649 1417 1696 Documenta
1444 1650 1604 1698 edidit.
1626 1651 1801 1700 Lutero

116 1717 145 1775 q
180 1725 287 1759 tunc
320 1713 510 1775 impune
545 1732 576 1776 Β
605 1714 858 1761 Germania
892 1715 1161 1776 grassabatur
1186 1719 1255 1782 (ta
1289 1717 1390 1777 pius
1415 1717 1525 1782 fuit)
1553 1719 1802 1766 accerrime

115 1779 290 1842 semper
316 1780 487 1827 obstitit
513 1816 527 1837 ,
555 1780 728 1827 tametfi
754 1781 809 1827 ab
836 1781 999 1828 eodem
1019 1783 1175 1828 multis
1195 1783 1611 1844 pollicitati0nibus
1631 1801 1800 1847 prouo-

115 1857 253 1892 catus,
279 1846 397 1893 vixit
421 1863 563 1893 annos
588 1847 726 1909 paulo
753 1847 854 1909 plus
875 1849 1299 1912 quinquagintasex.
1323 1849 1438 1910 obijt
1459 1850 1617 1911 Brugis
1634 1851 1800 1898 morbo

113 1912 356 1959 articulari.
385 1913 582 1976 sepultus
607 1913 780 1960 ibidem
806 1914 1276 1972 honorificentiffime,
1303 1915 1561 1963 Doctorum
1590 1918 1798 1965 omnium

116 1977 186 2036 sue
212 1980 506 2041 tempestatis,
532 1980 743 2042 plurimis
768 1981 1145 2043 inscriptionibus
1171 1981 1425 2036 decoratus.

169 2064 416 2113 (Frumersco
437 2066 682 2104 Cznvfm’rzs
703 2079 752 2104 mc
773 2068 969 2116 SALAZAR,
995 2066 1094 2106 Vida
1115 2067 1156 2105 de
1182 2069 1312 2117 Vives,
1333 2071 1368 2106 al
1390 2068 1514 2107 frente
1536 2072 1592 2107 del
1616 2072 1798 2108 Commta—

115 2120 166 2155 rio
188 2120 207 2156 a
227 2133 287 2157 sus
307 2118 492 2172 Dicilogos,
514 2122 686 2170 Mexico,
718 2121 860 2174 1554.)

920 2257 987 2305 V.

181 2361 274 2407 «El
300 2361 463 2408 doctor
489 2363 731 2410 Francisco
760 2363 1012 2428 §ervantes
1038 2366 1222 2426 teologo
1248 2384 1277 2428 y
1306 2367 1426 2413 buen
1453 2367 1596 2415 latino
1614 2369 1796 2416 honbre

113 2427 231 2489 viejo
256 2445 286 2490 y
312 2427 367 2474 de
391 2445 508 2491 poca
535 2430 805 2491 espiriencia
831 2437 853 2476 ἕ
881 2431 944 2476 las
970 2448 1094 2478 cosas
1120 2432 1193 2478 del
1221 2449 1330 2479 coro
1358 2449 1382 2479 e
1407 2434 1548 2495 igl’ia.
1565 2454 1588 2480 »

171 2514 417 2569 (Descripcion
439 2516 498 2554 del
515 2516 769 2570 Arzobispaa'o
790 2517 831 2555 de
852 2520 1015 2558 beico.
1048 2519 1159 2558 Pieza
1185 2519 1233 2562 n?
1257 2533 1292 2571 3.
1323 2521 1492 2559 Relacion
1513 2537 1578 2574 que
1598 2522 1646 2560 da
1665 2524 1700 2561 el
1716 2538 1798 2562 con·

114 2570 216 2608 tador
237 2571 352 2609 Pedro
372 2571 560 2612 Cuadrado
580 2572 622 2609 de
650 2573 682 2610 lo
711 2588 776 2625 que
805 2574 879 2611 han
904 2574 1097 2625 producido
1127 2575 1176 2613 los
1201 2575 1354 2614 diezmos
1381 2576 1480 2615 desde
1505 2589 1551 2628 15
1559 2589 1610 2629 50
1631 2580 1654 2617 ἆ
1678 2590 1725 2630 15
1733 2581 1798 2630 58.

114 2625 237 2664 Fecha
258 2639 281 2678 9
303 2628 347 2665 de
367 2628 539 2666 Octubre
554 2629 598 2665 de
623 2629 742 2679 1569.
772 2630 827 2667 Al
849 2629 905 2679 pie
926 2632 971 2668 de
991 2639 1067 2668 este
1088 2632 1316 2670 documento
1328 2631 1402 2682 hay
1419 2646 1492 2670 una
1506 2635 1655 2682 posdata
1677 2636 1723 2672 de
1739 2634 1798 2673 di·

115 2693 217 2718 versa
236 2683 330 2720 letra
349 2682 406 2720 sin
427 2682 535 2720 fecha
556 2683 594 2720 ni
615 2683 742 2732 firma,
763 2698 833 2734 que
854 2685 1029 2724 contiene
1050 2699 1124 2723 una
1145 2686 1283 2724 noticia
1303 2689 1347 2725 de
1367 2689 1419 2726 las
1441 2701 1617 2737 personas
1637 2702 1707 2739 que
1727 2702 1797 2727 en-

114 2744 240 2775 tonces
263 2737 460 2775 formaban
480 2740 514 2776 el
537 2751 624 2776 coro
646 2740 690 2776 de
709 2741 745 2776 la
765 2739 900 2788 Iglesia
921 2742 1108 2789 Catedral,
1129 2755 1150 2790 y
1171 2751 1276 2781 entre
1300 2744 1354 2781 los
1383 2742 1584 2793 canonigos
1605 2758 1642 2782 se
1663 2754 1797 2783 cuenta

116 2791 135 2827 ἐι
157 2791 376 2832 (Ξετνὲηϊεε.
405 2793 493 2830 MS.
515 2793 670 2842 original
692 2808 738 2832 en
761 2794 814 2832 mi
837 2795 985 2849 poder.)

908 2931 1000 2978 VI.

182 3030 275 3076 «El
301 3033 523 3093 canonigo
551 3033 794 3081 Francisco
818 3034 1070 3083 Cervantes
1091 3035 1146 3082 de
1168 3037 1363 3090 Salazar‚
1386 3036 1558 3082 natural
1580 3035 1636 3082 de
1663 3037 1798 3084 tierra

117 3095 172 3141 de
199 3096 408 3153 Toledo‚
434 3098 489 3144 de
515 3115 609 3145 mas
635 3100 690 3146 de
717 3116 890 3147 sesenta
923 3109 1053 3158 anos,
1091 3102 1148 3148 ha
1182 3103 1459 3150 veinticinco
1494 3118 1582 3166 que
1614 3105 1706 3150 esta
1740 3120 1798 3150 en

117 3175 208 3208 esta
235 3163 387 3219 tierra‚
415 3166 438 3209 a
463 3164 503 3210 la
530 3165 625 3212 cual
651 3167 760 3213 vino
786 3167 888 3229 lego
917 3184 972 3214 en
999 3168 1194 3230 opinion
1220 3168 1276 3214 de
1309 3185 1418 3228 gran
1451 3168 1595 3215 latino
1619 3185 1799 3233 aunque

116 3243 203 3274 con
230 3228 270 3274 la
296 3229 406 3274 edad
433 3229 489 3275 ha
516 3231 709 3292 perdido
735 3233 835 3294 algo
861 3233 1006 3280 desto,
1046 3234 1176 3296 Ley6
1201 3235 1394 3281 muchos
1419 3242 1530 3282 afios
1555 3235 1597 3281 la
1617 3235 1798 3282 catedra

117 3292 171 3339 de
200 3294 416 3341 Ret6rica
441 3311 496 3341 en
525 3308 615 3343 esta
639 3299 946 3355 universidad,
971 3300 1190 3360 graduose
1216 3300 1272 3346 de
1298 3300 1430 3348 todos
1451 3313 1540 3348 tres
1559 3300 1719 3362 grados
1739 3317 1794 3348 en

119 3359 253 3417 Artes
279 3377 363 3423 por
389 3361 665 3420 sufficienda,
692 3365 914 3412 ordenose
941 3365 1081 3412 habra
1106 3367 1257 3412 veinte
1291 3374 1400 3413 afros
1430 3367 1486 3414 de
1512 3367 1640 3415 todas
1665 3367 1798 3414 orde-
