2912 4368
980 422 1072 480 278
1595 431 1831 461 DiALoous
1860 431 2079 465 TERTIUS,

974 574 1224 633 quenon
1242 550 1491 630 smouhs
1511 572 1622 606 ant,
1634 572 1679 606 is
1699 550 1901 620 modo
1919 550 2018 606 sed
2043 570 2229 628 prope
2253 550 2529 629 singulis
2519 572 2680 608 rnen-

971 638 1136 695 sibus
1172 635 1293 692 fieri
1335 633 1558 692 celebre
1601 632 1735 705 fuit,
1780 655 1901 712 quo
1947 632 2207 689 sacrificii
2241 655 2471 712 genere,
2514 636 2679 713 quod

970 719 1070 778 vix
1096 719 1273 776 fidem
1302 717 1510 797 capiat,
1544 718 1854 774 innumera
1880 715 2196 773 hominum
2229 716 2412 774 millia
2439 718 2679 795 periere.

1669 842 1986 898 ALrARUS.

1056 966 1112 1022 O
1144 965 1327 1022 modo
1356 962 1733 1020 beatissimos
1761 962 2154 1041 hispanorum
2187 963 2448 1019 adventu
2479 962 2676 1035 indos,

969 1048 1170 1128 quiex
1194 1069 1428 1105 summa
1457 1048 1553 1105 illa
1582 1047 1814 1104 miseria
1840 1047 1911 1103 ad
1938 1060 2287 1125 praesentem
2313 1044 2675 1118 felicitatem,

968 1146 1025 1190 et
1067 1154 1136 1189 ex
1178 1131 1430 1211 pristina
1472 1130 1760 1188 servitute
1799 1131 1869 1187 ad
1916 1130 2063 1186 lianc
2110 1150 2303 1186 veram
2349 1129 2679 1187 libertatern

968 1215 1235 1274 translati
1271 1217 1437 1272 sunt!
1509 1216 1564 1271 O
1603 1214 1816 1271 millies
1861 1213 2036 1270 etiam
2073 1211 2448 1270 fortunatum
2489 1213 2681 1271 Caesa-

968 1321 1111 1371 rem,
1148 1300 1319 1379 cujus
1359 1313 1527 1357 aetate
1569 1314 1625 1355 et
1667 1296 1946 1375 auspiciis
1992 1318 2187 1353 novus
2233 1296 2390 1353 orbis
2435 1298 2681 1355 antehac

967 1384 1398 1463 incompertuS,
1439 1383 1750 1439 innumera
1785 1381 1895 1438 diis
1931 1379 2089 1438 falsis
2126 1394 2286 1437 tanta
2319 1401 2451 1437 cum
2484 1381 2680 1458 perni-

953 1466 1051 1525 ’cie
1105 1481 1161 1525 et
1217 1482 1406 1546 strage
1461 1464 1823 1544 obsequium
1882 1464 2296 1543 praestantium
2357 1464 2678 1521 hominum

967 1551 1365 1608 multitudine
1398 1550 1723 1629 pullulans,
1761 1564 1817 1605 et
1851 1549 2177 1606 debellatus
2223 1562 2277 1604 et
2310 1549 2381 1604 ad
2414 1547 2679 1605 christia-

969 1656 1104 1692 nam
1141 1634 1491 1713 religionem
1527 1654 1854 1690 conversus
1888 1631 2093 1689 fuerit!

1677 1848 1977 1905 ZAMORA.

1052 1974 1188 2049 jam
1223 1973 1582 2052 circumspice
1615 1995 1676 2029 ac
1710 1974 2112 2052 undequaque
2139 1986 2442 2050 patentem
2479 1971 2678 2029 Mexi-

968 2079 1103 2115 curn
1141 2058 1560 2135 contemplare.

1665 2181 1981 2237 ALFARUS.

1052 2306 1107 2362 O
1149 2306 1348 2362 Deum
1386 2304 1813 2361 immortalem!
1854 2325 2033 2382 quam
2065 2305 2311 2375 bellum,
2344 2326 2522 2382 quam
2550 2326 2676 2383 gra-

964 2403 1095 2446 tum
1129 2403 1185 2446 et
1219 2387 1406 2445 oculis
1442 2402 1497 2444 et
1530 2388 1751 2459 animo,
1791 2402 2130 2467 quantaque
2158 2387 2675 2467 varietatejucun-

965 2473 1112 2531 dum
1147 2494 1206 2530 se
1240 2471 1375 2529 hinc
1408 2473 1814 2551 spectaculum
1851 2472 2114 2531 exhibet!
2166 2486 2233 2528 ut
2266 2493 2502 2528 summa
2537 2493 2671 2528 cum

964 2555 1193 2613 ratione
1226 2555 1515 2612 affirmare
1547 2555 1735 2613 ausim
1782 2555 1983 2612 orbem
2027 2570 2355 2634 utrumque
2399 2555 2508 2612 hoc
2543 2556 2673 2612 loco

963 2638 1482 2718 circumscriptum
1519 2652 1575 2696 et
1608 2639 2086 2697 circumductum
2125 2660 2273 2707 esse3
2313 2652 2368 2694 et
2402 2639 2566 2717 quod
2602 2638 2673 2695 de

966 2722 1209 2780 homine
1240 2722 1405 2802 graeci
1441 2724 1708 2793 tradunt,
1748 2724 2163 2793 Μίεωσωήιωῑ,
2196 2721 2254 2778 id
2279 2730 2384 2791 est,
2417 2742 2672 2799 parvum

965 2807 1284 2877 mundum,
1322 2806 1520 2885 ipsum
1555 2806 1937 2885 appellantes,
1977 2806 2133 2862 idem
2169 2805 2238 2861 de
2278 2804 2522 2861 Mexico
2558 2804 2671 2863 dici

963 2911 1158 2968 posse.
1211 2891 1376 2947 Loco
1412 2892 1589 2968 plano
1636 2904 1692 2946 et
1735 2889 2027 2946 latissimo
2074 2902 2200 2945 tota
2244 2887 2440 2967 posita
2472 2902 2578 2959 est,
2615 2903 2673 2946 et

964 2973 1163 3030 omnis
1187 2974 1588 3052 undequaque
1611 2972 1765 3029 visui
1791 2973 2036 3051 objecta.
2076 2971 2505 3051 Hispanorum
2532 2972 2672 3029 aedi-

965 3055 1091 3113 ficia
1124 3056 1377 3135 superba
1411 3070 1466 3113 et
1501 3055 1798 3126 sublimia,
1837 3071 1892 3113 et
1925 3077 2056 3134 quae
2090 3076 2361 3135 magnam
2400 3055 2513 3113 soli
2541 3076 2671 3133 par-

963 3152 1080 3196 tem
1135 3154 1447 3218 occupant,
1502 3139 1806 3197 altissimis
1863 3139 2127 3196 turribus
2183 3154 2239 3196 et
2287 3139 2669 3218 surgentibus

963 3223 1206 3301 templis
1241 3223 1749 3301 praestantissima,
1797 3222 2077 3281 indorum
2125 3222 2424 3280 domicilia
2455 3222 2670 3280 subur-

964 3303 1204 3362 biorum
1243 3308 1391 3378 low,
1429 3305 1675 3364 confusa
1708 3322 1763 3364 et
1799 3306 2044 3363 minime
2078 3307 2286 3363 ordine
2326 3305 2665 3377 distributa,

963 3408 993 3443 e
1025 3388 1245 3466 quibus
1281 3411 1451 3469 magn
1434 3390 1589 3447 ifica
1621 3404 1916 3447 structura
1952 3411 2071 3446 non
2108 3389 2306 3447 minus
2333 3388 2669 3468 praestantia

963 3467 1095 3526 fana
1128 3488 1458 3550 emergunt,
1496 3495 1574 3529 ut
1586 3474 1896 3553 dequaque
1929 3473 2236 3530 continent
2270 3487 2326 3530 et
2362 3472 2665 3530 claudunt.
