2268 4003
469 322 535 369 94
1057 321 1296 353 innocus
1325 308 1587 353 SECUNDUS.

1114 516 1119 522 ·
1188 480 1467 539 ZUAZUS.

559 616 732 698 Regii
777 619 1125 692 consiliarii;
1180 635 1238 680 et
1288 623 1626 681 membrum
1675 620 1836 680 aliud
1887 620 2172 694 interim,

473 703 639 782 quod
670 701 1142 782 magnificentius
1174 721 1282 779 est,
1322 706 1563 765 Prorex.

1168 854 1487 913 ALFARUS.

562 994 835 1074 Dignum
871 1011 1024 1054 certe
1055 997 1234 1056 tantis
1265 998 1410 1057 viris
1438 996 1835 1056 domicilium.
1886 997 2000 1055 Sed
2029 996 2179 1076 quid

475 1079 572 1136 illa
624 1078 958 1158 significant
998 1083 1263 1160 pondera
1303 1103 1373 1139 ex
1410 1081 1683 1140 demissis
1735 1079 1981 1138 funibus
2036 1100 2181 1159 pen-

473 1163 707 1221 dentia?
772 1163 931 1221 Vah!
989 1185 1110 1222 non
1160 1165 1723 1235 animadverteram3
1776 1163 2178 1244 gubernacula

475 1260 616 1303 sunt
649 1246 965 1326 horologii.

1188 1394 1468 1452 Zquus.

563 1538 747 1595 Recte
767 1537 869 1596 ais,
908 1538 979 1595 In
1004 1539 1279 1619 editaque
1300 1539 1402 1598 hac
1423 1538 1571 1597 turri
1595 1560 1729 1625 quae
1748 1538 1923 1597 etiam
1945 1551 2185 1596 utrum-

477 1641 593 1700 que
625 1620 844 1679 aedium
885 1622 1036 1681 latus
1070 1623 1429 1694 communit,
1479 1644 1548 1681 eo
1582 1637 1670 1681 est
1702 1622 2081 1695 collocatum,
2119 1635 2187 1680 ut

475 1724 611 1761 cum
646 1705 933 1778 sonuerit,
969 1708 1370 1786 undequaque
1401 1706 1472 1764 ab
1506 1705 1716 1764 incolis
1748 1705 2046 1764 audiatur.

1174 1857 1494 1914 ALFARUS;

568 2001 904 2060 Prudenter
937 2000 1180 2062 factum.

1200 2163 1478 2223 Zquus.

562 2308 697 2383 Jam
742 2307 906 2366 adest
947 2306 1177 2380 forum3
1230 2320 1492 2365 attentus
1531 2329 1734 2388 quaeso
1774 2307 2003 2367 intuere
2036 2328 2184 2367 num

479 2390 640 2450 aliud
672 2391 1071 2471 amplitudine
1113 2404 1171 2450 et
1216 2392 1517 2472 majestate
1559 2413 1664 2472 par
1696 2391 1833 2450 huic
1864 2392 2185 2472 aliquando

481 2474 723 2533 videris,

1180 2641 1497 2699 ALFARUS.

569 2782 872 2862 Equidem
908 2783 1072 2861 quod
1105 2781 1499 2852 meminerim,
1533 2782 1798 2840 nullum:
1838 2803 1942 2841 nec
1977 2803 2186 2842 censeo

484 2865 543 2924 in
570 2880 829 2945 utroque
853 2867 995 2923 orbe
1021 2865 1242 2945 aequale
1268 2864 1522 2922 inveniri
1549 2886 1744 2944 posse.
1796 2865 1964 2924 Bone
1993 2867 2181 2925 Deus!

483 2970 662 3028 quam
696 2963 754 3006 et
786 2949 1034 3028 planum
1068 2962 1125 3006 et
1156 2969 1335 3027 capax
1367 2949 1480 3006 est!
1527 2969 1707 3028 quam
1750 2948 1960 3007 hilare!
2005 2971 2186 3029 quam

483 3032 752 3111 undique
783 3031 1185 3090 ambientibus
1228 3030 1501 3110 superbis
1546 3045 1602 3089 et
1646 3031 1973 3111 magnificis
2004 3032 2188 3091 aedifi-

483 3114 586 3173 ciis
637 3114 1029 3173 illustratum!
1086 3136 1218 3194 quae
1258 3113 1603 3194 descriptio!
1658 3136 1790 3194 quae
1825 3113 2025 3173 facies!
2081 3113 2186 3195 qui

486 3197 721 3276 positus
748 3211 805 3256 et
830 3197 1008 3256 situs!
1066 3199 1315 3270 Revera,
1342 3197 1387 3255 si
1415 3197 1682 3275 porticus
1710 3198 1841 3269 illae,
1873 3219 2005 3277 quae
2030 3217 2188 3255 nunc

485 3294 689 3370 contra
712 3302 822 3339 nos
845 3294 1006 3353 sunt,
1032 3302 1062 3340 e
1086 3281 1284 3341 medio
1309 3281 1677 3354 tollerentur,
1704 3280 2002 3361 integrum
2025 3301 2185 3339 exer-

487 3375 671 3419 citum
707 3385 906 3443 capere
938 3364 1254 3444 potuisset.
