2268 4003
420 320 511 366 292
1027 320 1261 351 DIALOGUS
1287 320 1504 350 TERTIUS.

414 460 476 495 ac
507 453 690 514 terge,
727 458 795 494 ex
826 437 994 515 plebe
1026 439 1138 496 viri
1171 438 1547 518 foeminaeque
1575 461 1604 496 a
1631 439 1817 518 capite
1848 462 1939 519 pei
1927 443 2107 499 iden—

413 521 490 577 tia
522 521 786 598 pondera
819 520 1178 594 defluebant,
1217 545 1337 602 quo
1372 544 1430 579 in
1464 544 1578 580 usu
1613 544 1642 579 a
1665 524 1882 581 tenelis
1916 546 2111 582 assue-

411 623 564 661 vere.
633 601 869 661 Uxores
915 605 1208 663 habebant
1253 627 1397 685 quas
1430 620 1674 685 possent
1708 608 1877 679 alere,
1916 607 2063 666 sed
2051 630 2108 665 1n

410 685 554 765 ipsis
587 707 765 742 unam
803 687 1178 768 praecipuam,
1215 711 1282 747 ex
1315 711 1449 769 qua,
1477 689 1660 746 veluti
1701 691 1971 770 exjustis
1999 713 2109 748 nu-

408 769 569 861 ptiis,
597 769 760 826 liberi
785 771 1033 850 legitimi
1058 773 1389 831 ethaeredes
1415 773 1816 830 nascebantui.
1855 775 2108 832 Calidis-

409 852 595 925 simis,
632 852 831 932 pipere
839 823 1151 933 c>quodam³
1190 858 1355 935 quod
1402 867 1492 913 clxi
1541 855 1774 927 dicitur,
1828 857 2104 930 conditiS,

408 935 553 994 cibis
588 936 1002 996 vescebantur:
1040 939 1251 997 vinum
1286 939 1448 1018 ipsiS,
1486 940 1651 1018 quod
1694 939 2105 998 vehementius

409 1040 587 1098 quam
619 1034 893 1078 nostrum
924 1021 1190 1094 inebriat,
1233 1044 1301 1081 ex
1339 1022 1635 1080 radicibus
1664 1023 1932 1102 Maguey
1966 1022 2101 1095 fuit,

409 1124 530 1181 quo
556 1124 585 1159 e
611 1117 760 1181 potu
789 1117 986 1162 mente
1012 1105 1186 1185 capti,
1218 1105 1467 1163 nefanda
1493 1127 1745 1185 quaeque
1779 1107 2102 1165 tentabant.

410 1186 671 1244 Pedibus
694 1187 1060 1266 pugnabant,
1082 1210 1216 1246 nam
1240 1211 1425 1269 equos
1449 1210 1778 1268 numquam
1804 1190 2101 1249 viderunt:

407 1269 635 1349 ratique
674 1285 833 1342 sunt,
881 1293 1016 1330 cum
1062 1273 1326 1351 primum
1371 1272 1653 1352 hispanos
1695 1272 1926 1352 equites
1967 1295 2107 1331 con-

408 1374 666 1433 spexere,
706 1368 771 1411 ut
795 1356 1065 1414 sederent
1093 1355 1170 1414 ita
1201 1370 1372 1414 natos
1398 1378 1548 1414 esse:
1587 1356 1873 1435 cibosque
1898 1370 2107 1436 postea

406 1438 645 1495 eosdem
680 1460 834 1517 quos
867 1438 1302 1512 insedentibUS‚
1339 1440 1507 1519 equis
1541 1440 1945 1519 porrigebant.
1983 1440 2104 1498 Pro

406 1520 647 1579 ensibus
679 1525 916 1580 mammis
946 1545 1014 1580 ex
1046 1523 1207 1603 ligno
1239 1525 1470 1604 gladiis,
1500 1522 1784 1602 utrinque
1810 1525 1882 1582 ad
1908 1523 2104 1603 cuspi-

407 1605 538 1662 dem
568 1604 801 1663 insertis
830 1607 1158 1679 novaculiS,
1189 1609 1537 1666 utebantur:
1569 1607 1790 1686 clypeis
1817 1629 1878 1664 se
1908 1623 2106 1686 prote-

404 1705 629 1766 genteS,
669 1688 819 1746 ictus
853 1690 1247 1769 excipiebant:
1299 1691 1445 1748 nudi
1479 1690 1872 1749 decertabant.
1915 1691 2104 1748 Mon-

406 1771 619 1841 ticuliS,
659 1786 761 1829 aut
796 1773 1009 1830 nativis
1051 1788 1154 1831 aut
1196 1772 1571 1845 manufactis,
1619 1795 1731 1852 pro
1773 1773 2004 1832 arcibus
2047 1786 2105 1832 et

405 1819 655 1912 castellis
703 1877 762 1913 se
810 1858 1091 1915 adversus
1139 1857 1340 1915 hostes
1397 1821 1774 1915 muniebant:
1833 1857 1892 1914 in
1948 1858 2103 1915 bello

406 1937 559 1994 mori
600 1939 976 2017 magnificum
1018 1941 1319 1999 ducentes.
1387 1941 1751 1998 Litterarum
1792 1941 1946 2012 loco,
1982 1940 2105 1998 ani-

405 2021 650 2079 malium
688 2023 921 2101 figuras,
952 2024 1191 2103 papyris
1220 2024 1581 2103 quibusdam
1617 2037 1894 2095 exarata3‚
1917 2023 2105 2103 AEgy—

404 2103 563 2183 ptios
586 2105 820 2178 imitati,
838 2107 911 2165 ad
932 2108 1199 2165 absentes
1214 2106 1605 2165 missitabant.
1633 2107 1869 2186 Aperto
1893 2108 2099 2186 capite,

405 2187 530 2245 sine
562 2188 764 2246 calceis
798 2203 854 2246 et
888 2190 1124 2248 nudatis
1162 2191 1348 2263 tibiis,
1394 2191 1506 2248 nisi
1551 2189 1817 2270 primarii
1860 2190 1971 2248 viri
2015 2188 2105 2248 fo—

403 2285 552 2341 rent,
582 2273 776 2330 cuncti
803 2272 1169 2332 incedebant.
1220 2274 1569 2351 Quominus
1597 2288 1792 2331 autem
1817 2274 2102 2353 quemad-

404 2356 655 2413 modum
702 2356 850 2436 coepi
895 2356 952 2414 in
997 2357 1242 2438 reliquis
1287 2379 1545 2437 pergam,
1592 2379 1722 2437 quae
1765 2378 2101 2414 sermonem

402 2437 632 2496 dirimit
664 2460 782 2497 nox
814 2440 1085 2519 impedit.
1149 2442 1352 2534 Quare
1396 2441 1561 2499 dabis
1607 2440 1860 2512 veniam,
1897 2440 2101 2519 potius

404 2522 694 2600 temporis
729 2523 1004 2582 brevitati
1039 2547 1217 2604 quam
1253 2526 1453 2582 animo
1498 2525 1554 2581 in
1601 2538 1656 2581 te
1693 2545 1849 2595 me0‚
1887 2537 1943 2580 et
1973 2545 2104 2603 quae

403 2619 544 2662 sunt
576 2605 703 2677 alia,
741 2608 886 2664 dum
921 2622 1188 2688 expectas
1221 2607 1280 2665 in
1314 2608 1655 2679 crastinum,
1686 2627 1820 2664 cum
1845 2606 2102 2664 Zamora

402 2685 539 2745 felix
570 2689 690 2747 abi:
730 2711 864 2749 nam
899 2691 1043 2749 istac
1074 2691 1217 2749 mihi
1252 2692 1503 2750 domum
1537 2691 1802 2748 eundum
1837 2705 1941 2748 est.

1096 3247 1411 3304 ALFARUS.

493 3367 649 3423 Bene
683 3367 865 3446 igitur
899 3370 1042 3453 vale.
