2268 4003
318 270 410 332 156
904 281 1144 312 DIALoous
1171 280 1432 311 SECUNDUS.

309 386 653 485 plum‚⁸hoc
685 399 854 478 quod
885 398 1054 457 vides
1087 399 1261 479 spatii
1288 411 1544 470 tantum,
1570 396 1761 477 platea
1786 395 1916 468 erit,
1948 396 2022 455 ad

312 506 493 567 quam
526 504 632 562 per
661 482 880 562 gradus
914 482 1148 562 aliquot
1181 483 1280 540 fiet
1312 502 1607 553 ascensus,
1652 494 1710 538 et
1747 480 1818 538 ab
1852 501 1915 537 ea
1948 480 2022 537 ad

312 567 522 647 templi
563 565 763 625 aditus
804 565 1084 645 planicies
1126 588 1310 646 aequa‚
1359 565 1631 645 undique
1672 562 2022 621 marmoreis

312 649 612 711 columnis
635 650 811 729 justo
845 649 1038 728 spatio
1072 649 1225 708 inter
1250 672 1310 708 se
1335 647 1652 730 disjunctis
1679 648 2016 706 claudetur:

311 756 416 815 per
448 733 773 813 superiora,
808 730 991 791 ferrea
1023 754 1234 814 magna
1271 746 1472 792 catena
1513 731 1829 811 copulatis,
1875 728 2024 810 lapi-

312 817 437 878 deis
468 816 660 877 veluti
693 816 1067 876 servantibus
1100 817 1346 897 insuper
1380 815 1654 874 leonibus
1685 813 1923 894 positis,

1011 1044 1333 1101 ALFARUS.

401 1164 529 1223 His
562 1164 977 1244 praestantiora
1002 1179 1059 1224 et
1084 1166 1494 1224 excellentiora
1522 1166 1716 1224 multo
1742 1164 2026 1245 pollicen-

314 1262 414 1307 tur
446 1270 579 1328 quae
611 1262 755 1307 sunt
786 1248 1092 1321 inchoata3
1131 1249 1381 1329 eritque,
1420 1249 1479 1307 ni
1514 1248 1706 1322 fallor,
1748 1248 1850 1307 ubi
1884 1270 2025 1307 con-

314 1347 622 1391 sumatum
657 1331 835 1390 fuerit
868 1354 1024 1412 opus
1058 1333 1170 1392 hoc
1201 1355 1337 1391 vere
1372 1353 1719 1413 operosum,
1757 1333 1882 1414 ejus
1917 1354 2027 1391 no-

315 1415 495 1475 minis
529 1437 592 1474 ae
625 1415 953 1497 dignitatiS‚
988 1430 1057 1475 ut
1087 1418 1160 1477 ad
1192 1431 1421 1497 septem
1450 1417 1566 1489 illa,
1598 1416 2024 1475 historicorum

314 1513 372 1558 et
404 1513 722 1579 poetarum
750 1500 1118 1559 testimoniis
1145 1500 1625 1574 celebratissima,
1656 1500 1819 1559 orbis
1848 1500 2027 1559 mirar—

314 1584 466 1655 cula,
504 1596 788 1642 octavum
811 1584 948 1664 jure
981 1584 1220 1664 optimo
1254 1585 1522 1644 accedere
1553 1583 1766 1664 possit.

1030 1808 1331 1868 ZAMORA.

402 1949 667 2008 «Unum
703 1971 813 2031 pro
845 1950 1074 2010 cunctis
1105 1951 1260 2010 fama
1291 1952 1576 2033 loquetur
1609 1973 1826 2033 opuS.»

1039 2097 1318 2157 ZUAzus.

402 2238 461 2296 Si
495 2237 726 2298 diutius
766 2238 1014 2298 vixisset
1057 2239 1387 2314 Cortesiu8‚
1434 2261 1558 2299 non
1599 2241 1813 2301 dubito
1858 2245 2026 2323 quod

316 2335 436 2381 tarn
460 2322 713 2402 superbe
737 2336 1006 2404 coeptum
1033 2323 1277 2405 reliquit
1298 2324 1597 2405 hospitale
1617 2325 1854 2406 Virgini
1881 2327 2025 2386 Ma-

315 2406 391 2547 }ri
424 2419 854 2480 consecratum,
890 2408 1113 2488 aequale
1144 2408 1272 2467 aliis
1304 2410 1575 2490 ejusdem
1599 2408 1712 2469 viri
1740 2410 2022 2490 operibus

348 2503 619 2549 uturum.

1018 2637 1338 2697 ALFARUS.

408 2780 683 2875 Maxima
730 2794 886 2842 certe
926 2803 1057 2863 quae
1096 2794 1239 2841 sunt
1277 2793 1471 2862 coepta
1511 2781 1624 2842 hoc
1663 2782 1724 2841 in
1771 2783 2022 2844 aedificio

319 2873 709 2944 promittunt.

1026 3010 1326 3070 ZAMORA.

407 3153 859 3214 Praestabuntur
888 3154 1240 3236 propediem
1273 3175 1337 3214 ea
1369 3155 1619 3236 pecunia
1658 3177 1791 3237 quae
1828 3155 2023 3216 hacte-

323 3255 438 3294 nus
469 3250 557 3295 est
579 3251 857 3319 congesta
882 3260 952 3298 ex
975 3238 1363 3321 vectigalibus
1388 3239 1610 3321 quibus
1636 3238 1930 3322 hospitale
1956 3239 2017 3299 in

325 3316 450 3377 dies
481 3334 748 3399 augetur.
