2912 4368
984 1242 1602 1332 APENDICE.

1267 1655 1308 1700 1.

502 1797 521 1821 ι(
540 1777 789 1824 Cervantes
817 1777 994 1823 Salazar
1015 1777 1182 1837 joanni
1212 1776 1487 1823 Maldonato
1514 1777 1693 1822 S.—A
1730 1776 1921 1837 prandio
1953 1779 2121 1839 signifi-

438 1856 610 1891 caverat
636 1844 772 1899 mihi,
805 1845 880 1907 qui
918 1845 996 1889 has
1030 1844 1085 1889 ad
1122 1857 1164 1890 te
1200 1843 1343 1899 dabit,
1381 1842 1654 1889 Maldonate
1690 1843 1971 1900 doctissime,
2005 1847 2123 1892 istuc

435 1911 712 1973 expediundi
740 1910 968 1972 cujusdam
995 1911 1168 1971 negotii
1190 1927 1316 1956 causa
1344 1926 1387 1955 se
1414 1910 1532 1957 velle
1559 1910 1813 1972 proficisci:
1843 1927 2037 1974 cumque
2064 1912 2119 1959 ad

435 1990 476 2023 te
515 1977 743 2023 scribendi
779 1976 1006 2023 desiderio
1041 1977 1266 2032 arderem,
1303 1993 1451 2039 neque
1490 1976 1545 2022 ad
1585 1977 1676 2023 hoc
1708 1978 1931 2039 temporis
1973 1994 2116 2025 essem

432 2056 584 2090 nactus
602 2045 880 2099 ocasionem‚
899 2044 1156 2105 hancjuxta
1173 2043 1470 2105 proverbium
1489 2043 1787 2105 premendam
1806 2045 1976 2101 censui;
2001 2045 2116 2092 illud

432 2111 605 2157 tametsi
631 2127 828 2166 vererer,
855 2127 912 2156 ne
949 2111 1146 2172 ignotus,
1185 2122 1226 2156 et
1262 2111 1482 2157 bonarum
1519 2110 1613 2156 fere
1652 2111 1907 2157 litterarum
1938 2112 2117 2172 ignarus

429 2177 512 2222 tibi
538 2190 612 2224 aut
638 2178 871 2232 molestus,
896 2191 970 2223 aut
996 2178 1193 2238 ingratus
1213 2177 1493 2223 accederem.
1535 2176 1806 2240 Utcumque
1828 2189 1981 2223 tamen
2003 2195 2114 2225 con-

428 2244 585 2303 tingat,
605 2245 722 2304 jacta
748 2256 813 2290 est
837 2244 954 2290 alea:
984 2243 1269 2307 extorquebo
1296 2261 1318 2289 a
1345 2256 1387 2290 te
1415 2244 1656 2306 epistolam
1683 2244 1824 2299 clava,
1847 2257 1892 2291 et
1911 2244 2106 2291 Diome-

427 2309 495 2355 dis
519 2323 567 2356 ut
594 2311 667 2356 fiat
697 2312 991 2372 permutatio,
1030 2310 1237 2357 dabimus
1270 2326 1394 2356 aenea
1430 2323 1475 2356 et
1515 2311 1793 2373 accipiemus
1829 2327 1989 2357 aurea:
2027 2328 2114 2358 nec

426 2376 491 2430 id,
517 2377 551 2421 si
578 2377 706 2432 velis,
733 2377 932 2437 negabis.
972 2376 1192 2423 Vestrum
1219 2378 1342 2422 enim
1379 2389 1463 2431 est,
1499 2376 1591 2423 hoc
1624 2390 1710 2432 est,
1741 2377 2110 2424 doctissimorum

427 2443 649 2497 virorum,
684 2455 733 2489 ut
768 2444 1065 2504 responsione
1101 2443 1335 2489 neminem
1367 2442 1698 2503 dedignemini.
1743 2443 1820 2489 Ne
1846 2460 1955 2490 vero
1991 2445 2109 2506 quis,

428 2526 568 2570 quave
596 2510 861 2555 conditione
888 2510 970 2555 sim
999 2522 1042 2555 te
1069 2510 1221 2564 lateat,
1252 2509 1502 2555 Cervantes
1527 2525 1698 2555 nomen
1719 2522 1803 2565 est,
1826 2510 1991 2556 Toleti
2012 2527 2109 2556 sum

426 2587 570 2631 natus,
592 2588 636 2621 et
659 2576 916 2622 Cardinalis
937 2575 1230 2638 Hispalensis
1258 2593 1281 2621 a
1310 2576 1493 2621 secretis
1524 2576 1677 2621 latina:
1707 2575 1890 2637 linguae.
1937 2576 2109 2622 Nostra

427 2643 578 2688 omnia
603 2659 724 2688 nunc
748 2643 923 2704 accipe,
951 2644 1026 2705 qui
1054 2654 1127 2689 tua
1146 2643 1239 2703 jarn
1266 2642 1342 2687 diu
1375 2643 1600 2689 novimus,
1654 2642 1777 2688 Bene
1802 2643 1919 2697 vale,
1946 2643 2105 2704 patriae

426 2720 512 2753 tuae
526 2721 860 2764 ornamentum,
877 2708 1245 2771 Cervanternque
1259 2709 1376 2754 inter
1393 2720 1492 2755 tuos
1506 2725 1598 2755 non
1613 2721 1896 2770 postremum
1910 2709 2103 2756 colloca.

426 2773 686 2821 Vallisoleti
714 2775 861 2822 VIII.
890 2775 1070 2822 kalend.
1100 2776 1226 2837 Sept.
1256 2775 1436 2839 (1545)
1455 2794 1476 2821 »

480 2860 662 2912 (Hallase
682 2876 728 2900 en
749 2866 784 2901 la
805 2864 953 2901 Noticia
978 2864 1109 2902 critica
1130 2862 1171 2899 de
1193 2863 1323 2900 Varios
1344 2861 1473 2899 Librcs
1494 2863 1661 2910 Cmiosos,
1684 2864 1844 2913 impresos
1859 2872 1927 2913 por
1943 2863 1995 2901 D.
2017 2864 2103 2900 An-

424 2917 586 3010 tcoggorgea
598 2919 752 3023 {anchffi
782 2933 802 2968 y
828 2920 890 2956 alli
918 2918 998 2956 dice
1025 2933 1093 2968 que
1122 2932 1158 2956 se
1182 2920 1287 2956 tomo
1316 2920 1360 2956 de
1389 2932 1439 2956 un
1463 2918 1600 2956 C6dice
1622 2919 1712 2956 MS.
1742 2920 1785 2955 de
1809 2919 1858 2957 D.
1881 2920 2035 2956 Ramon
2059 2920 2103 2956 de

1229 3069 1296 3116 ΙΙ.

489 3174 636 3219 «Pues
665 3174 903 3221 Francisco
933 3175 1181 3221 Cervantes
1206 3175 1262 3221 de
1288 3175 1464 3221 Salazar
1498 3175 1735 3236 imprimi&
1767 3186 1950 3236 quantas
1978 3174 2097 3220 cosas

422 3239 460 3283 ai
488 3238 543 3284 de
569 3240 629 3284 las
655 3240 734 3286 dos
760 3240 1093 3303 philosophias,
1121 3241 1184 3287 fin
1212 3253 1329 3288 otras
1355 3242 1448 3288 mui
1476 3241 1642 3288 buenas
1669 3240 1724 3286 de
1747 3239 1938 3286 diversas
1965 3239 2097 3286 disci-

423 3304 587 3366 plinas,
615 3306 729 3351 clara
756 3307 768 3351 i
797 3308 1180 3366 agraciadamente
1206 3308 1378 3363 dichas,
1406 3324 1492 3370 que
1526 3307 1656 3353 nadie
1692 3306 1747 3351 de
1783 3306 1890 3352 ellas
1926 3306 2093 3368 podian

424 3371 531 3417 estar
556 3372 660 3417 bien
689 3389 744 3418 en
765 3374 935 3419 nuestra
956 3374 1132 3434 lengua.
1149 3394 1170 3419 »

478 3460 715 3510 (AMssRosm
737 3474 786 3498 nr:
807 3463 1016 3511 MoRALzs,
1036 3464 1201 3500 Discussa
1223 3461 1317 3499 sobre
1338 3462 1373 3498 la
1396 3462 1543 3512 Lengna
1566 3461 1779 3508 castellam,
1797 3463 1828 3498 al
1849 3460 1966 3498 frente
1984 3463 2093 3499 delas

428 3512 537 3552 Obras
554 3514 593 3552 de
618 3517 812 3554 Cervantes
832 3516 1002 3565 Salazar,
1025 3518 1192 3565 Madrid‚
1219 3529 1334 3564 1772,
1358 3518 1438 3566 pag.
1460 3518 1544 3565 24.)
